2956 5678
228 344 267 398 VI
702 336 907 393 PRAEFATIO

231 507 330 592 probe
354 505 431 589 scio,
454 505 500 570 ita
522 525 581 568 nec
604 501 836 567 emendationis
858 500 941 567 ratio
965 501 1036 586 ipsa
1057 523 1117 568 nec
1135 499 1384 565 fundamentum

232 617 300 680 ullo
324 615 419 679 modo
444 613 561 677 mutari
585 615 768 697 potuerunt.
809 610 859 676 Ac
882 612 909 676 si
933 612 967 677 in
990 612 1140 676 universa
1161 633 1196 676 re
1215 610 1386 677 codicibus

232 744 329 787 manu
359 721 489 805 scriptis
512 742 598 786 nunc
621 720 728 785 minus
752 743 848 804 quam
872 720 951 785 olim
975 720 1118 785 diffidere
1141 718 1329 802 didicimus,
1352 718 1386 784 id

231 830 339 914 ipsum
369 850 435 892 non
464 832 530 892 tam
561 828 765 913 ingeniorum
793 828 965 914 segnitiam
992 850 1012 892 a
1038 827 1263 892 RITSCHELIO
1292 825 1386 890 casti-

232 939 341 1022 gatam
361 957 457 1019 quam
477 934 666 1018 disciplinae
685 935 856 999 limatioris
876 934 1078 999 severitatem
1094 933 1135 998 ab
1150 933 1207 998 illo
1223 954 1387 1000 commen·

235 1042 342 1107 datam
366 1042 508 1107 effecisse
532 1045 654 1106 certum
677 1046 734 1106 est.

323 1155 571 1222 Ambrosiani
594 1157 740 1222 codicis
760 1159 950 1242 scripturam
970 1179 1010 1222 ex
1027 1155 1168 1222 LOItWII
1188 1155 1269 1222 olim
1289 1157 1388 1222 colla

233 1265 320 1329 tione
353 1265 472 1329 editam
506 1287 563 1330 cur
594 1269 669 1348 post
697 1263 945 1329 STVDEMVNDI
976 1286 1069 1330 curas
1100 1263 1246 1350 egregias
1279 1264 1387 1328 denuo

235 1372 417 1437 examinare
443 1371 602 1436 noluerim
626 1371 723 1455 periti
746 1372 833 1436 ultro
856 1371 1053 1459 intellegent.
1098 1370 1229 1437 Etenim
1253 1393 1328 1437 cum
1354 1371 1388 1435 in

235 1478 341 1562 priore
373 1478 514 1543 editione
541 1477 682 1544 LOEWII
715 1478 927 1565 apographon
958 1478 1080 1563 publici
1113 1477 1192 1544 iuris
1224 1477 1388 1562 fecissem,

234 1583 482 1668 STVDEMVND,
510 1608 574 1668 qua
596 1585 659 1650 fuit
682 1585 851 1671 diligentia
873 1589 906 1650 et
929 1585 1124 1670 constantia,
1151 1589 1184 1651 et
1206 1607 1282 1650 snas
1305 1607 1388 1670 quas

234 1691 270 1755 in
292 1691 426 1757 schedas
448 1693 616 1756 rettulerat
637 1692 793 1758 lectiones
816 1696 849 1757 et
866 1691 1008 1757 Loswn
1030 1696 1068 1757 ut
1090 1693 1175 1758 inter
1193 1714 1227 1757 se
1247 1692 1295 1758 ita
1312 1713 1387 1757 cum

234 1798 306 1882 ipso
330 1799 540 1883 palimpsesto
564 1800 668 1864 denuo
693 1799 843 1865 contulit:
872 1822 911 1865 ex
934 1821 998 1884 quo
1021 1799 1131 1865 labore
1154 1821 1276 1865 novum
1300 1800 1389 1885 quod

235 1904 356 1988 prodiit
378 1906 590 1992 apographon
609 1928 628 1970 a
647 1904 864 1973 SEYFFERTO
888 1911 963 1990 post
980 1906 1122 1972 auctoris
1141 1906 1285 1972 flebilem
1302 1929 1388 1972 mor-

235 2015 301 2076 tem
325 2012 446 2077 cditnm
466 2013 609 2097 superari
628 2034 722 2097 posse
741 2017 798 2078 aut
815 2013 950 2078 minima
968 2018 1025 2079 aut
1042 2015 1132 2079 nulla
1150 2036 1225 2099 spes
1245 2018 1304 2079 est.
1337 2012 1388 2078 Ex

236 2117 452 2202 descriptione
474 2123 582 2184 tamen
605 2118 747 2184 Louwu
771 2142 852 2204 quae
875 2142 915 2184 ex
938 2142 999 2184 usu
1022 2142 1091 2186 esse
1108 2121 1179 2186 risa
1201 2125 1279 2187 sunt
1296 2121 1388 2186 nolui

236 2225 448 2308 supprimere:
481 2248 554 2291 cum
587 2227 737 2292 omnibus
766 2225 1013 2292 STVDEMVNDI
1044 2228 1270 2294 adnotationes
1301 2250 1390 2294 nunc

237 2333 446 2397 conferendas
470 2355 538 2398 esse
561 2333 615 2397 vix
639 2356 720 2417 opus
743 2335 805 2408 erit
828 2356 966 2400 monere.

327 2447 494 2533 ‘Epidicus
531 2446 755 2515 continebatur
791 2451 894 2516 tribus
931 2449 1210 2534 quaternionibus,
1249 2472 1390 2536 quorum

236 2556 371 2640 paginas
396 2557 585 2640 superstites
607 2558 750 2622 numeris
773 2580 875 2622 novae
899 2557 1064 2644 compagis
1083 2555 1258 2643 (librorum
1276 2579 1390 2645 regum

237 2660 403 2748 vulgatae)
440 2662 615 2740 Mulsum,
653 2663 833 2748 deperditas
869 2664 987 2730 litteris
1022 2663 1167 2751 signabo.
1222 2662 1392 2730 Foliorum

237 2768 329 2851 paria
366 2768 462 2832 etiam
498 2792 585 2836 nunc
617 2793 739 2836 conexa
769 2771 864 2836 lineis
897 2771 1100 2858 coniungam.
1154 2769 1392 2848 Quaterniones

238 2878 344 2938 autem
368 2875 417 2939 illi
440 2876 475 2941 hi
498 2880 586 2941 sunt:

426 3096 464 3162 A.
484 3121 503 3162 a
717 3097 930 3184 [Cistellariae
954 3100 1074 3184 exitus]

427 3205 500 3269 313.
525 3206 599 3271 314.
720 3206 1005 3271 1-13.14-27⁸

426 3311 529 3481 iada
552 3417 682 3506 loen)
715 3417 859 3484 seb-er

294 3552 327 3629 e:
427 3523 501 3588 479.
525 3523 625 3610 430²)
717 3526 857 3591 ea-ee.
881 3525 1035 3590 33-113

304 3632 327 3700 3
427 3628 460 3693 o.

293 3701 326 3792 rt
427 3653 592 3802 auium
716 3738 913 3805 iao-163⁵.
939 3737 1130 3804 laub-184

427 3842 466 3907 n.
486 3841 539 3931 d⁸)

241 4012 452 4022 .....-...-..-.

375 4116 399 4168 Α
418 4116 528 4170 litteras
547 4133 603 4170 non
622 4117 727 4172 adiecit
745 4118 853 4174 Marvs.

330 4122 343 4167 1

273 4118 491 4337 btgitllumeri
517 4209 583 4261 sunt
606 4223 623 4259 a
645 4207 852 4263 Snvnnnvrmo
877 4208 907 4262 iu
932 4209 1057 4278 priorum
1080 4213 1168 4266 465⁸.
1193 4216 1280 4268 4663
1305 4215 1398 4270 locum

240 4301 271 4335 su
293 4302 361 4337 eru
389 4329 393 4337 .

299 4367 363 4458 ,δῖ
375 4364 444 4418 Cum
467 4367 529 4436 ipsa
553 4367 659 4438 pagina
682 4368 700 4420 d
724 4367 869 4423 intercidit
891 4369 1085 4437 quaternionis
1108 4373 1177 4426 nota
1201 4388 1279 4442 quae
1304 4376 1398 4431 fuerat

240 4459 362 4514 XXXIII.
