2956 5678
218 322 294 376 Xllll
685 323 898 381 Patansana.

219 486 373 551 maiorem
398 487 549 551 lacunam
573 486 708 552 detexit:
731 488 787 551 sed
810 510 866 552 cur
889 488 973 553 idem
995 492 1094 572 neget
1117 508 1270 553 scaenam
1293 488 1447 559 1152

217 616 288 658 esse
312 594 496 658 absolutam
519 616 585 658 non
608 594 689 660 satis
708 595 882 679 perspicio:
905 595 1005 660 immo
1023 598 1153 679 praeter
1171 618 1284 662 versus
1304 598 1463 673 alsi-‘1-

217 704 296 785 quot
318 702 373 783 qui
397 700 438 765 ad
457 699 645 766 Palinurum
666 703 831 786 pertinent
850 703 944 787 plura
961 702 1164 769 intercidisse
1181 726 1248 769 non
1267 704 1392 770 vide·
1403 736 1472 781 ρο

217 830 280 891 quo
309 808 378 871 inre
406 808 612 873 coniciamus.
621 806 645 894 ¹)
692 809 744 873 Ab
771 810 832 874 hac
859 810 976 875 lacuna
1002 814 1036 874 et
1063 810 1137 875 aliis
1164 811 1472 897 ᾳιιίὴιιεᾶαιιῑιι

216 914 396 979 minoribus
420 916 448 979 si
471 915 672 1000 discesseris,
699 917 781 980 nihil
806 920 856 980 est
878 939 934 982 cur
957 940 995 982 ex
1019 918 1254 983 sententiarum
1278 942 1477 999 nexta,

217 1023 370 1105 aliquot
389 1044 549 1086 scaenas
568 1024 702 1106 periisse
723 1028 826 1107 putes,
858 1023 904 1088 At
922 1024 1121 1089 decurtatam
1139 1046 1211 1089 esse
1229 1024 1442 1102 fabula&
1459 1073 1478 1097 ιι

217 1132 307 1193 actus
330 1128 420 1192 tertii
440 1132 567 1211 partem
587 1135 762 1195 extremam
782 1134 858 1213 post
872 1153 909 1195 ea
924 1152 1005 1214 quae
1020 1129 1092 1195 Act
1102 1128 1365 1217 Soc.phil.Lip=
1377 1164 1478 1231 q„

217 1236 279 1299 vol.
297 1236 336 1299 Π
362 1259 391 1319 p.
407 1235 471 1299 278
487 1258 554 1319 sqq.
578 1235 739 1321 disputavi
764 1237 861 1300 etiam
883 1258 968 1301 nunc
991 1257 1115 1301 censeo.
1160 1234 1248 1303 Nam
1272 1260 1342 1325 quo
1381 1276 1418 1304 ο
1451 1284 1473 1312 ι,

215 1341 334 1424 ‘ipsius
358 1344 473 1425 poetae
496 1342 754 1407 festinationem’
778 1342 927 1427 agnoscit
950 1340 1159 1426 Ussingius
1183 1366 1215 1428 p.
1229 1344 1305 1427 528,
1326 1368 1384 1411 Β
1450 1368 1477 1428 02

215 1471 273 1533 per
292 1472 326 1514 se
345 1449 445 1513 babet
463 1472 519 1537 our
538 1474 652 1534 parum
676 1450 919 1515 commendetur
942 1454 975 1514 et
994 1472 1032 1515 eo
1051 1448 1252 1535 infringitur,
1275 1470 1471 1537 quoad

218 1563 347 1641 praeter
370 1558 455 1623 hunc
479 1559 586 1623 locum
611 1557 676 1622 alia
699 1558 857 1642 quaedam
880 1556 1120 1623 retractationis
1145 1560 1286 1645 vestigia
1306 1582 1465 1639 etex.

218 1669 305 1729 stare
329 1666 585 1731 demonstratum
609 1669 666 1731 est.

305 1772 497 1837 Iamdudum
522 1773 606 1836 enim
636 1795 665 1836 v.
688 1772 755 1835 472
778 1794 798 1834 a
820 1771 972 1836 Plautina
995 1775 1100 1837 aetate
1123 1773 1265 1839 alienam
1288 1795 1344 1839 esa
1359 1802 1451 1850 εει

215 1880 278 1943 viri
315 1879 401 1945 docti
439 1875 720 1963 intellexeruntz²)
757 1878 925 1942 basilica
958 1878 1044 1943 enim
1077 1878 1216 1945 Porcia
1247 1879 1444 1955 00de

216 1987 344 2052 demum
375 2010 459 2052 anno
489 1988 652 2050 exstructa
682 1990 732 2051 est
764 2008 827 2071 qno
857 1990 954 2070 poeta
982 1984 1074 2051 obiit.
1119 1986 1255 2051 Praeter
1272 1986 1386 2053 bn:
1402 2015 1438 2061 no

215 2098 324 2159 autem
348 2117 477 2159 versum
506 2094 647 2158 eiusdem
678 2116 813 2159 scaenae
841 2094 923 2159 alios
955 2114 1083 2178 quoque
1115 2092 1156 2157 ad
1185 2094 1432 2179 septimmn

216 2203 376 2286 pertinere
401 2203 565 2266 saeculum
589 2225 784 2288 quamquam
808 2202 977 2286 probabile
1000 2204 1060 2285 est,
1082 2201 1286 2285 argumentis
1306 2206 1427 2271 ὤ

214 2330 289 2373 men
317 2308 402 2373 effici
429 2308 550 2392 nequit.
597 2307 646 2372 Ex
676 2309 788 2373 eadem
822 2309 1009 2374 recensione
1043 2308 1256 2391 repetendum
1286 2330 1423 2377 affice

214 2416 380 2480 turbatum
400 2437 534 2480 scaenae
553 2413 637 2480 192
659 2416 789 2479 initium
808 2415 963 2500 suspicor,
986 2415 1043 2480 sed
1065 2414 1114 2479 ita
1136 2417 1174 2479 ut
1196 2415 1418 2483 lubrie¹=n

215 2543 285 2586 ease
308 2521 464 2585 iudicium
486 2522 555 2604 ipse
578 2522 741 2605 profitear.

304 2628 418 2712 Neque
444 2629 550 2692 minus
575 2627 797 2692 retractationi
822 2628 930 2694 tribuo
953 2652 982 2695 v.
1005 2628 1411 2714 280-30qd0q122o

214 2757 285 2800 rum
305 2735 492 2800 condicione
511 2758 584 2800 eum
603 2757 678 2799 mox
694 2732 807 2799 Museo
826 2734 982 2800 lthcnano
1002 2736 1207 2819 explanatius
1225 2742 1407 2803 actu-:us

213 2842 285 2924 sim,
308 2866 410 2926 patrea
433 2842 595 2907 monuisse
619 2842 699 2905 satis
722 2841 836 2906 babeo.
877 2840 1009 2906 Etenim
1032 2865 1061 2907 v.
1086 2843 1150 2907 287
1174 2842 1285 2907 statim
1361 2840 1405 2905 J'n

213 2951 359 3012 secutum
390 2971 459 3012 osse
491 2972 519 3013 v.
543 2948 606 3012 298
638 2947 811 3011 admodum
841 2948 909 3012 veri
938 2948 1044 3013 simile
1075 2971 1146 3014 esse
1175 2950 1293 3016 iudico:
1381 2966 1402 3009 v·

215 3058 323 3119 autem
347 3054 411 3119 299
436 3054 482 3118 sie
505 3053 690 3118 scribendus
715 3053 853 3118 videtur:

311 3178 411 3243 Re'cte
434 3179 487 3243 hic
510 3182 672 3243 monstrat
694 3178 785 3262 quasi
807 3159 957 3263 inperare
981 3179 1086 3263 possit
1109 3204 1136 3245 e.
1158 3203 1189 3265 q.
1212 3202 1237 3246 s.

214 3286 283 3361 Quo
308 3308 401 3350 versu
421 3308 585 3351 servornm
610 3285 798 3371 arrogantia
820 3284 1042 3371 castigatur.³)
1071 3286 1223 3353 Dubitari
1241 3280 1397 3353 deindo

212 3393 333 3475 poterit
357 3394 395 3457 de
419 3417 447 3459 v.
471 3394 616 3475 39-42,
640 3414 711 3456 cum
736 3414 890 3476 perquam
915 3393 1053 3458 molesta
1076 3394 1142 3457 sint
1164 3398 1240 3479 post
1262 3417 1289 3459 r.
1362 3386 1394 3451 33

214 3499 316 3575 ‘Quin
338 3502 411 3566 leno
434 3501 487 3565 hic
509 3498 654 3565 habitat’
673 3521 784 3563 versus
799 3500 843 3563 40
862 3499 961 3563 verba
980 3500 1072 3565 haec:
1096 3500 1257 3567 ‘Lenonis
1273 3502 1314 3566 ln
1333 3512 1394 3557 ³0⁰

304 3751 330 3816 1)
350 3748 405 3801 Cur
423 3747 570 3815 Ussingins
593 3765 619 3815 p.
640 3751 690 3799 528
710 3746 740 3799 et
757 3750 808 3799 548
832 3747 939 3801 statuat
961 3745 1100 3816 integrum
1124 3745 1225 3802 folium
1242 3734 1389 3803 interd·
1471 3764 1474 3768 ·

212 3819 285 3873 disse
305 3819 464 3889 incingere
483 3818 621 3887 profiteor.
1457 3846 1462 3853 ·

303 3896 330 3957 2)
350 3890 478 3944 Osannus
497 3889 577 3943 Anat.
597 3888 650 3941 crit
677 3906 703 3955 p.
725 3894 788 3953 186,
817 3886 985 3942 Ritscbelins
1005 3888 1117 3959 Parerg.
1137 3888 1194 3945 vol.
1212 3890 1226 3945 1
1243 3907 1271 3959 p.
1303 3882 1383 3961 ‘29²2
1458 3942 1463 3947 .

213 3960 368 4014 Urlicbsiue
387 3960 457 4013 Mus.
476 3960 564 4013 Ithen.
585 3959 640 4013 vol.
659 3966 692 4013 23
713 3962 747 4025 (a.
771 3962 849 4025 tata)
867 3977 893 4028 p.
909 3963 956 4012 85:
975 3975 1060 4026 qnam
1078 3960 1217 4014 rationem
1235 3961 1267 4015 nt
1282 3948 1381 4011 olffl
1448 3970 1462 3982 “

212 4030 315 4084 frustra
333 4030 568 4114 impugnaverunt
586 4030 730 4083 Nandetus
744 4030 971 4097 etVisseringins
986 4029 1109 4097 (Quaest
1126 4030 1166 4084 Pl.
1182 4032 1194 4085 l
1207 4050 1234 4102 p.
1246 4038 1279 4087 92
1311 4020 1377 4089 “l-l
1455 4030 1475 4075 ’ῗὲ

211 4099 253 4155 ita
271 4119 327 4155 non
345 4120 435 4171 magis
454 4100 589 4156 refutavit
606 4117 695 4169 nuper
716 4102 858 4169 lesingius
877 4101 913 4154 ad
933 4099 1011 4170 Capt
1031 4119 1056 4158 v.
1076 4106 1137 4157 aba.
1444 4156 1460 4169 ‚¹

300 4176 327 4242 3)
352 4173 508 4228 Posteriora
531 4174 657 4240 tompore
681 4171 770 4225 additi
794 4175 858 4227 sunt
882 4190 905 4225 v.
926 4176 978 4225 289
998 4174 1027 4225 et
1044 4177 1110 4226 293:
1142 4190 1213 4242 qnos
1231 4159 1370 4247 secqfldl
1437 4168 1477 4209 ··'.t

210 4244 321 4298 saeculo
345 4244 389 4297 vel
413 4244 498 4298 tertio
521 4244 634 4296 ineunte
658 4242 791 4297 subustos
810 4260 869 4297 esse
888 4244 972 4312 puto,
1001 4260 1056 4312 quo
1075 4246 1205 4313 tempore
1223 4245 1365 4313 honnssfl!
1447 4262 1474 4283 *-

211 4314 398 4382 interpolandi
423 4315 515 4369 studio
539 4314 665 4368 incensos
689 4313 717 4367 in
737 4314 881 4367 Plautinas
904 4314 1013 4368 fabulae
1036 4320 1180 4395 grassatos
1204 4330 1264 4369 esse
1280 4300 1362 4365 abl!
1434 4344 1469 4381 3,

211 4385 325 4463 docebo.
362 4387 403 4440 Ac
421 4386 514 4441 nescio
538 4402 574 4438 an
594 4384 683 4438 eidem
707 4385 826 4454 tempori
846 4403 870 4439 v.
890 4391 994 4452 331sq.
1012 4384 1154 4440 tnbucndi
1175 4384 1238 4440 sint
1273 4374 1360 4439 W!
1426 4416 1477 4461 q..

214 4454 384 4525 glossemata
403 4459 467 4511 sunt
487 4475 511 4511 v.
532 4462 584 4511 374
603 4459 633 4511 et
651 4462 711 4511 54⁵.
1454 4458 1461 4466 “
