2956 5678
633 774 839 829 PRAEFATIO
1243 773 1310 828 XIII

221 939 268 1003 Et
292 939 333 1003 ob
359 961 429 1003 eam
453 960 520 1004 rem
544 939 580 1003 in
602 941 763 1003 carcerem
786 938 841 1002 ted
864 939 934 1002 esse
958 942 1150 1020 conpactum
1175 939 1252 1023 scio,

162 1073 210 1136 ita
240 1094 268 1136 v.
294 1071 380 1137 1044
408 1070 551 1137 dubitari
578 1072 691 1156 nequit
719 1073 797 1156 quin
824 1094 862 1136 ex
890 1093 911 1135 a
940 1092 988 1136 me
1016 1071 1126 1136 babeat
1147 1071 1265 1137 rectius
1290 1094 1310 1136 o

162 1179 234 1243 med
255 1178 345 1243 obeat
366 1199 462 1262 qnam
486 1200 508 1242 a
529 1199 578 1243 me
598 1179 688 1243 obeat
709 1179 780 1242 fiat:

222 1296 261 1375 Id
284 1312 313 1376 si
336 1310 494 1395 attulerit,
518 1309 621 1376 dicam
644 1316 681 1375 ut
705 1334 724 1374 a
747 1311 821 1376 med
845 1312 942 1377 abeat
963 1312 1044 1377 liber
1067 1315 1131 1396 qud
1154 1313 1252 1377 uolet.

164 1446 318 1512 lnaudita
335 1445 422 1512 foret
440 1446 662 1530 pronuntiatio
681 1447 747 1513 dno
765 1447 867 1528 opera
890 1468 972 1530 quae
992 1468 1087 1512 voces
1110 1450 1177 1511 tarn
1202 1467 1311 1512 neces·

165 1554 252 1619 sario
271 1554 356 1618 inter
374 1575 409 1618 se
427 1553 554 1618 vinculo
575 1554 782 1618 continentur
800 1559 1015 1637 utnusquam
1037 1575 1102 1620 non
1126 1555 1311 1619 coalescant

166 1661 200 1724 in
225 1661 377 1744 aadperm
401 1681 465 1745 quo
489 1660 702 1725 confidentius
726 1660 847 1744 addito,
870 1661 965 1744 quale
991 1660 1161 1744 adipsum
1185 1665 1310 1726 senten-

165 1767 247 1832 tiam
270 1767 455 1852 requiritur,
478 1767 668 1850 pronomine
692 1768 739 1832 sic
764 1789 890 1832 versum
916 1767 980 1831 796
1003 1767 1226 1833 formavimus:

233 1900 387 1967 Postulas
410 1901 524 1965 uiros?
548 1900 624 1965 dare
647 1900 697 1964 illi
720 1923 785 1965 una
809 1903 907 1984 opera
930 1923 1065 1984 pensum
1089 1902 1242 1984 postules.

167 2036 261 2100 Alibi
291 2034 363 2100 vitii
392 2033 534 2118 suspicio
563 2033 691 2098 aliunde
718 2036 770 2099 vel
799 2040 946 2101 movetur
969 2038 1020 2101 vel
1044 2040 1195 2120 augetur,
1224 2036 1313 2100 velut

166 2165 240 2208 curn
272 2144 422 2206 accentus
450 2141 607 2226 quaedam
635 2142 786 2207 molestia
815 2143 946 2208 accedit
992 2143 1063 2218 Quo
1087 2144 1217 2207 nomine
1240 2165 1311 2208 curn

166 2251 220 2315 vix
248 2248 431 2314 tolerabilis
458 2270 486 2314 v.
511 2248 573 2313 681
607 2252 692 2312 essct
715 2249 821 2332 qualis
849 2250 883 2313 in
907 2249 1071 2313 codicibus
1096 2251 1215 2314 exstat:
1241 2249 1313 2314 Tc'bi

165 2358 236 2422 dedi
253 2355 391 2438 equidem
409 2355 507 2434 illam,
530 2355 573 2420 dd
587 2355 791 2440 pbrppioacm
810 2357 844 2419 ut
860 2357 964 2436 ferres,
983 2356 1085 2437 pacdo'
1099 2358 1201 2438 polae,
1225 2379 1310 2440 prae

168 2469 258 2529 terea
277 2465 387 2527 autem
410 2484 475 2527 non
499 2463 554 2527 toa·
572 2462 682 2546 potius
702 2483 798 2545 quarn
818 2463 887 2527 (ledi
909 2463 1075 2528 notionem
1095 2463 1218 2527 intendi
1241 2486 1311 2527 sen·

167 2570 273 2636 tentia
291 2569 402 2634 iubere
423 2569 593 2652 videretur,
616 2592 689 2634 curn
708 2567 828 2635 Bothio
851 2570 1060 2652 transpositis
1085 2570 1192 2634 verbis
1217 2571 1313 2634 simul

166 2678 294 2742 hiatum
318 2675 522 2741 sustuIImus:

211 2809 295 2875 De‘di
320 2809 466 2894 equidem
492 2810 599 2893 illanc,
624 2810 664 2873 ad
688 2809 871 2894 frugionem
896 2815 932 2873 ut
956 2809 1067 2895 ferres,
1090 2810 1151 2875 tibi
1171 2811 1268 2893 paulo

806 2938 905 3000 prius.

169 3051 291 3118 Similis
310 3051 395 3116 ratio
414 3072 525 3116 versus
540 3051 606 3116 930
624 3052 694 3135 fuit,
718 3053 773 3117 ubi
797 3075 869 3116 curn
893 3051 986 3116 hiatu
1010 3052 1181 3117 coniuncta
1205 3073 1314 3124 accen-

168 3166 220 3224 tus
242 3181 311 3224 non
334 3158 511 3223 insolentia
534 3163 569 3223 at
591 3160 772 3224 insuavitas

322 3274 548 3374 Obdormisco,
572 3291 603 3357 sr'
624 3294 743 3359 resolui
768 3295 938 3376 argentum
962 3293 1039 3377 quoi
1063 3292 1163 3356 ‹le‘beo

168 3428 201 3490 in
225 3448 342 3491 caussa
369 3425 432 3489 fuit
459 3448 516 3490 our
544 3447 596 3509 epo
625 3426 734 3491 addito
763 3449 970 3492 numerorum
994 3428 1175 3511 elegantiae
1199 3449 1313 3492 consu·

169 3534 300 3597 lendum
321 3528 516 3616 putaremus.
562 3531 646 3597 Item
667 3535 817 3598 mutilum
837 3534 871 3597 in
896 3534 988 3598 libris
1013 3557 1140 3599 versum
1167 3535 1250 3599 1087
1276 3557 1315 3597 ne

170 3678 214 3741 sio
233 3676 520 3760 redmtegrandum
539 3681 648 3759 putes:
673 3653 747 3741 Illic
769 3677 886 3741 lcoocosl
904 3682 960 3741 aut
981 3677 1170 3759 szicopbonto
1193 3680 1249 3742 ortt
1268 3700 1317 3761 pc·
1388 3684 1391 3689 “

169 3785 274 3848 arsinus
294 3783 398 3863 [γαῖάν
421 3787 507 3865 tuus,
531 3783 610 3847 satis
635 3783 752 3848 indicio
777 3806 848 3847 esse
873 3788 1026 3848 accentus
1051 3784 1083 3847 in
1109 3784 1223 3847 ultirna
1252 3786 1315 3866 syl-

170 3891 244 3954 laba
271 3891 413 3972 pemiaus
436 3889 524 3953 vocis
549 3890 678 3973 poterit.
702 3926 744 3936 -
770 3888 892 3954 Contra
915 3891 995 3954 haec
1019 3891 1129 3954 omnia
1154 3890 1205 3952 vix
1230 3889 1314 3972 quic·
1428 3882 1431 3887 ⁴

170 4019 266 4081 quarn
301 3994 425 4079 auxilii,
454 4016 516 4078 quo
547 3995 587 4059 ad
617 3996 845 4060 removendum
878 3996 1003 4060 hiatum
1037 4019 1109 4060 cunr
1143 3995 1250 4079 aliqua
1283 4000 1316 4057 ct

170 4106 327 4170 facilitate
359 4107 392 4167 et
421 4102 654 4186 probabilitate
683 4107 788 4186 utare,
821 4106 949 4186 praesto
980 4108 1029 4165 est
1053 4102 1208 4185 lris'quos
1232 4102 1315 4164 infra

170 4211 358 4295 scripsimus
383 4209 529 4274 versibus
554 4210 630 4276 399.
654 4211 727 4275 778.
754 4211 827 4275 841.
852 4211 924 4275 870.
948 4210 1022 4274 913.
1049 4210 1141 4273 1112.
1170 4208 1269 4272 1113:

213 4324 288 4431 llgo
318 4344 447 4429 quidem
474 4365 578 4427 neque
607 4348 760 4428 umquam
785 4365 918 4407 uxorem
949 4342 1047 4406 habui
1070 4364 1172 4425 neque
1195 4342 1316 4406 habeo:

810 4470 913 4531 neque
938 4449 1000 4514 huc
1024 4485 1075 4514 -.

213 4559 334 4625 Nescio
358 4558 436 4642 quid
460 4580 518 4622 uos
541 4556 667 4621 uelitati
692 4557 770 4620 estis
794 4557 879 4619 inter
901 4557 961 4619 uos
985 4554 1058 4620 duo.

215 4666 285 4732 Vae
309 4665 410 4749 capiti
432 4670 489 4729 tuo
503 4688 526 4728 :z
541 4642 625 4728 Fleuo
651 4664 769 4748 Apollo
794 4666 833 4727 ex
856 4663 965 4727 oraclo
990 4664 1033 4726 mi
1057 4662 1203 4746 imperat.

214 4773 273 4839 Set
295 4773 369 4856 quis
393 4772 446 4837 hic
470 4771 598 4854 estqui
623 4773 673 4834 rue
697 4771 813 4853 eupillo
840 4768 913 4833 h1‘no
936 4769 974 4833 de
998 4792 1093 4833 curru
1117 4769 1243 4853 deripit.

215 4880 288 4945 Non
313 4883 424 4963 potest
447 4878 528 4943 haec
550 4880 602 4941 res
627 4876 759 4941 ellebori
784 4876 925 4960 unguine
950 4876 1134 4959 optinerier.
