2956 5678
171 321 235 387 156
644 320 832 376 ΑΡΡΕΝΒΙΧ
1174 327 1310 376 ers-aer

169 485 330 552 necessario,
348 501 512 555 ouansquam
529 485 599 539 alibi
621 484 698 552 opud
712 482 848 536 Plautum
866 481 1008 537 inmensus
1025 499 1083 537 non
1100 487 1185 537 extu.
1207 512 1239 522 -
1259 482 1310 538 Pro

171 562 317 617 miluinam
338 566 518 631 (neumam
536 564 593 630 Ar)
614 560 751 616 bulimam
770 564 840 616 eoni.
854 562 1038 632 Bernaysius,
1055 563 1130 617 unde
1149 579 1222 631 quae
1240 564 1308 615 ante

103 673 106 679 ·
170 643 262 713 posita
280 643 309 696 iu
328 659 426 698 mensa
444 642 513 696 mihi
537 642 672 697 bulimam
696 644 850 710 suggerant
869 641 898 695 'a
923 642 1021 711 Opase.
1042 642 1084 695 II
1097 659 1129 712 p.
1149 647 1220 706 599,
1243 657 1307 709 quae

169 722 208 775 mi
227 722 359 792 adposita
382 723 412 777 iu
435 739 532 777 mensa
556 724 709 791 suggerant
732 720 879 775 bulimiam
903 722 1009 776 Orsions
1031 722 1050 775 i.
1071 740 1090 777 s
1112 738 1134 776 e.
1150 739 1181 791 p.
1201 727 1237 776 57
1254 724 1306 790 (aut

168 803 315 856 bulimiam
339 810 389 858 aut
414 801 551 856 bulimum
571 802 695 871 Scoliyer
713 802 750 856 ad
768 801 901 869 Festum).
938 801 1020 857 Recte
1039 803 1083 856 illi
1100 803 1264 857 dubitarunt
1278 801 1305 855 cle

171 882 288 936 miluina
301 885 359 938 scil,
371 883 481 949 ‘some'r
499 884 547 937 nin
562 883 737 951 probabilius
755 879 872 935 miluiua
890 882 1048 950 aempiatur
1061 881 1122 936 coil.
1137 883 1256 952 piscino,
1271 883 1301 936 al.

168 964 201 1018 de
219 965 276 1017 loeo
294 964 343 1017 nbi
360 965 458 1018 miluos
482 964 511 1031 (i.
531 980 551 1018 e.
571 963 668 1030 sames)
690 963 802 1029 habitet,
819 962 839 1016 i.
857 978 879 1014 e.
898 962 931 1016 de
949 958 1043 1017 uentre
1061 962 1153 1017 auido.
1189 962 1228 1016 At
1243 968 1300 1016 uerte

168 1042 315 1096 miluinam
333 1045 395 1113 ipsa
413 1044 596 1113 sinpularitas
615 1047 729 1097 tutatur.
768 1041 899 1096 Facilius
920 1043 1079 1096 admiserim
1103 1040 1253 1096 mmensam
1269 1042 1300 1094 oi

166 1123 313 1178 miluinam
332 1124 500 1192 adscriptum
519 1123 652 1190 depulisse
670 1123 743 1176 velut
762 1121 904 1176 essuriem.

257 1209 309 1257 214
319 1220 357 1273 sq.
381 1203 409 1257 V.
430 1207 485 1257 211
508 1202 640 1258 Peniculo
664 1203 739 1256 dedit
756 1202 891 1269 Botliius,
914 1203 1001 1257 eidem
1018 1203 1103 1257 verba
1121 1202 1186 1256 dum
1206 1201 1258 1258 ai.
1273 1221 1294 1270 μ.

165 1289 191 1339 et
205 1300 268 1338 moa
284 1299 405 1353 propera
420 1283 503 1338 modo
516 1283 681 1338 Ribbeelsius
691 1300 720 1351 p.
736 1285 790 1337 335
808 1283 968 1338 dubitanter
986 1284 1120 1353 (propera
1132 1283 1213 1338 medo
1227 1284 1292 1337 nram

167 1365 383 1432 Loebmanmes).

256 1450 317 1498 816.
337 1446 398 1498 tute
417 1445 536 1498 Botlu'us
553 1444 632 1497 olim.-
650 1444 683 1497 cie
701 1444 733 1496 tu
757 1442 811 1497 hae
832 1459 876 1497 me
895 1443 1035 1511 eopitobat
1053 1442 1083 1496 Ii
1103 1444 1191 1511 (immo
1207 1440 1287 1496 hsetu

167 1542 226 1579 me:
244 1526 280 1591 es.
300 1525 337 1578 ad
357 1523 450 1578 Trin.⁸
472 1541 495 1577 o.
515 1525 607 1592 1109).
645 1522 687 1588 Os.
711 1521 864 1576 Muellerus
888 1523 966 1577 Pros.
986 1540 1017 1592 p.
1042 1528 1106 1579 835.
1126 1555 1157 1562 -
1176 1523 1227 1578 tete
1245 1539 1286 1576 ser·

167 1605 241 1658 nabo
260 1605 289 1656 et
308 1620 410 1670 sequar
427 1605 469 1657 oel
487 1602 557 1671 ts(d)
582 1601 698 1656 seruabo
723 1604 752 1655 et
769 1604 798 1656 te
817 1619 919 1670 sequar
936 1603 1076 1672 Berplrius
1095 1603 1201 1658 ‘Beitrss
1212 1619 1237 1672 μ.
1251 1605 1284 1667 lo,

166 1685 281 1753 posius
299 1688 389 1738 tumen
403 1683 529 1736 mersium
542 1687 567 1736 et
581 1681 618 1736 tis
633 1682 750 1749 formam
764 1684 909 1751 suspicans
927 1683 967 1751 (te
981 1682 1115 1751 insequar
1127 1684 1193 1738 Mem
1207 1681 1282 1751 opus

169 1765 190 1817 I
202 1783 232 1834 p.
253 1767 328 1832 678).
366 1765 396 1816 te
415 1762 533 1816 seruabo
553 1778 640 1828 usque
660 1765 689 1816 et
707 1777 810 1829 sequar
828 1763 950 1818 Brixius
967 1764 1000 1819 im
1017 1765 1083 1818 adn.
1102 1765 1131 1818 te
1148 1765 1177 1816 st
1191 1760 1280 1816 morbo

123 1884 125 1888 Α
167 1846 196 1898 et
214 1860 370 1912 consequar
398 1844 560 1897 Weidnerus
584 1843 601 1896 l.
621 1859 642 1898 s.
661 1858 683 1897 s.
711 1843 741 1894 te
767 1844 796 1896 et
815 1843 933 1897 seruabo
959 1845 989 1898 et
1007 1843 1139 1912 insequar
1160 1840 1278 1910 ummo

165 1925 205 1977 At
224 1918 324 1990 sequar
343 1925 423 1979 unice
437 1938 529 1977 voum
543 1927 569 1977 et
579 1927 693 1991 propter
706 1939 786 1976 usum
801 1929 826 1978 et
837 1929 950 1992 propter
968 1924 1192 1979 obitterationem
1220 1921 1278 1975 oua

167 2002 195 2055 A
214 2002 335 2070 Sequere
353 2005 392 2058 tu.
423 2004 496 2073 l'llgo
515 2018 582 2056 uero
606 2005 633 2057 te
653 2001 771 2057 seruabo
791 2003 898 2056 sineere
917 2004 947 2057 et
970 2018 1073 2072 sequar
1096 2004 1137 2058 oei
1152 2003 1215 2072 llige
1228 2013 1276 2054 uero

168 2082 266 2138 sedulo
286 2087 315 2137 et
334 2084 452 2139 seruabo
470 2086 499 2137 te
519 2085 549 2137 ei
566 2098 667 2150 sequar
680 2080 721 2138 Β.

256 2169 316 2218 911.
336 2164 419 2218 deum
446 2181 480 2218 ea
503 2163 530 2216 B
553 2180 614 2218 eun
632 2163 768 2217 notaverit
793 2162 831 2229 li,
855 2161 933 2217 dium
953 2163 1068 2219 diuitias
1091 2163 1203 2219 Koebiur
1219 2160 1274 2214 Am·

162 2246 231 2313 phil.
253 2244 296 2298 01
311 2248 349 2310 (a.
369 2248 456 2310 1870)
471 2262 501 2313 p.
520 2248 591 2309 284,
617 2242 713 2298 diuom
733 2243 850 2298 diuitias
869 2242 901 2301 Ε
921 2244 999 2312 ‘phil
1019 2242 1167 2298 Ruminali?
1184 2258 1205 2295 a
1221 2241 1273 2293 1882

162 2343 190 2394 p.
210 2329 266 2380 724
285 2327 350 2379 adn.
374 2329 399 2378 et
422 2324 478 2378 Ieo
498 2324 571 2379 Mus.
590 2325 678 2379 libere.
698 2323 880 2378 XXXVIII
900 2328 938 2389 (a.
962 2328 1052 2391 1883)
1069 2341 1098 2392 μ.
1116 2327 1133 2378 3
1150 2338 1207 2378 eon.
1235 2316 1272 2370 Sti

165 2406 290 2474 quesnois
307 2405 430 2459 lubenter
447 2405 521 2458 leuno
544 2405 633 2458 lusum
652 2405 754 2458 Plauto
777 2405 899 2470 tribuas,
927 2409 1019 2458 tamen
1040 2420 1098 2458 nou
1119 2407 1180 2457 reete
1195 2398 1271 2466 infern

165 2486 214 2540 boo
232 2486 299 2552 loeo,
316 2500 378 2538 eum
396 2484 493 2536 Aulul.
513 2488 575 2538 186.
598 2483 674 2537 I'rin.
695 2487 750 2537 490
769 2500 803 2537 ne
819 2484 908 2552 possis
926 2484 1036 2553 quidem
1053 2483 1159 2550 inferre.

256 2570 308 2619 219
326 2582 364 2634 sq.
384 2566 538 2633 argentum.
568 2562 618 2617 tris
636 2580 716 2618 socos
743 2562 904 2632 (leppertus.
924 2568 1081 2633 argeutum.
1105 2579 1138 2616 en
1154 2576 1219 2617 senos
1236 2555 1270 2608 tris

167 2645 371 2700 Mmannus.
409 2646 556 2712 argeutum
572 2643 633 2698 hoe.
654 2659 734 2697 eceos
753 2642 804 2698 tris
820 2645 974 2699 Muellerus
991 2644 1071 2699 Pros.
1086 2662 1117 2713 p.
1128 2646 1182 2698 555.
1197 2668 1223 2679 -
1237 2637 1270 2689 ‘tt

168 2724 241 2778 habe
259 2727 354 2793 polius
369 2741 422 2792 pro
441 2723 559 2777 habes?
590 2725 626 2778 al.
651 2724 721 2779 Mon
744 2722 809 2777 uide
834 2723 925 2779 tribue
945 2741 1000 2795 pro
1024 2723 1114 2778 tribus
1131 2721 1187 2777 uide
1202 2715 1270 2780 snt·

170 2806 321 2858 Muellerus
339 2805 418 2859 Pros.
436 2808 498 2859 218.

257 2890 318 2936 221.
338 2883 515 2951 quoiusmodi
538 2883 564 2938 si
588 2883 714 2938 homiues
738 2884 774 2939 It.
804 2883 947 2953 quoimodi
972 2884 1013 2938 sis
1037 2883 1159 2938 homiues
1174 2879 1268 2950 (mus

177 2963 304 3029 Vseuero)
323 2963 481 3017 Brandtius
498 2964 531 3017 de
547 2980 606 3033 pen.
624 2980 651 3031 p.
671 2968 716 3018 18.

256 3048 316 3095 828.
337 3042 405 3112 Ego,
425 3041 622 3098 Menaechmus
643 3047 671 3098 el
689 3046 828 3114 parasitus
854 3047 904 3101 del.
922 3048 1017 3116 priore
1036 3046 1066 3099 et
1084 3044 1113 3098 ’Β
1130 3060 1183 3099 eun
1197 3036 1270 3094 Boot

167 3124 199 3176 in
213 3139 307 3191 propr.
327 3141 352 3177 a.
371 3127 446 3178 1847
459 3141 490 3192 μ.
509 3128 534 3177 4.

258 3208 317 3258 883,
337 3204 400 3257 octo
424 3221 523 3257 munus
548 3203 692 3258 hominum
715 3207 745 3260 It
767 3223 828 3260 eum
854 3207 966 3262 Mureto
995 3206 1061 3261 Var.
1087 3207 1142 3260 leet.
1166 3197 1231 3255 VIII
1243 3200 1272 3250 ll·

167 3283 311 3337 homiuum
332 3300 431 3336 munus
450 3286 514 3338 oeto
531 3282 655 3339 Guietus.
692 3288 756 3341 oeta
775 3287 926 3341 homonum
947 3303 1048 3340 munus
1062 3278 1274 3355 septembres

169 3365 189 3416 I
203 3382 232 3434 p.
244 3368 305 3418 148.
335 3365 397 3418 octo
416 3362 561 3418 homiuum
575 3381 631 3418 uua
645 3382 744 3419 munus
758 3365 965 3420 Laebmanuus.
993 3367 1059 3420 octo
1078 3362 1210 3418 homiuum
1225 3371 1276 3410 unul

169 3460 268 3496 munus
290 3444 440 3498 Muellerus
460 3443 600 3498 ‘Narbata’
619 3463 648 3513 p.
669 3451 705 3500 97
724 3451 787 3499 onte
804 3447 962 3501 Polmerum
986 3446 1131 3500 Mermatb.
1148 3441 1192 3498 XI
1202 3457 1226 3510 p.
1241 3439 1277 3490 32³

167 3529 196 3576 at
216 3525 337 3594 primum
366 3525 473 3593 quidesse
500 3525 633 3579 eiusmodi
654 3528 716 3580 soni
739 3527 828 3580 lusum
853 3543 910 3581 non
937 3528 996 3580 sine
1025 3527 1164 3580 uerborum
1183 3523 1278 3590 imorull

167 3611 297 3659 eorreentu
316 3605 424 3658 adhibet
446 3605 579 3669 Plautus,
602 3606 699 3660 dmnde
718 3622 835 3674 prorsus
857 3606 1037 3675 improbabile
1060 3612 1098 3660 est
1118 3619 1208 3658 munus
1223 3597 1280 3652 nl

166 3686 197 3738 in
216 3702 288 3738 nune
307 3686 418 3739 abiisse:
436 3702 521 3753 quare
539 3703 600 3739 eum
618 3692 735 3755 utraque
753 3690 871 3742 reeerssio
888 3687 986 3750 bisen,
1005 3702 1035 3740 eo
1052 3688 1153 3741 rectius
1170 3698 1232 3736 nunc
1247 3677 1281 3730 ui·

165 3765 299 3831 bibentes,
322 3781 374 3832 quo
396 3765 513 3830 facetiam
536 3762 591 3818 olor
614 3774 666 3818 νῦν
686 3767 785 3838 βροτοί
804 3769 849 3835 (ef.
871 3767 948 3821 Pers.
967 3770 1032 3820 385.
1061 3766 1138 3820 Trin.
1157 3765 1233 3828 1032]
1247 3759 1283 3811 but

166 3843 225 3896 loeo
243 3845 374 3898 <licuntur
392 3860 449 3897 non
467 3846 549 3898 aliter
566 3862 599 3899 oe
618 3845 754 3915 μεγάλους
777 3849 876 3902 adiecit
895 3847 1026 3901 Eubulus
1049 3848 1081 3899 in
1103 3846 1198 3914 froom.
1214 3843 1283 3894 int-1

166 3920 228 3990 (ἕνα
247 3922 299 3990 γὰρ
320 3918 429 3977 ἐκεῖνον
447 3923 515 3978 ὄντα
534 3925 586 3979 δύο
605 3928 748 3996 λογίζομαι
764 3930 767 3997 l
784 3926 927 3997 μεγάλους,
947 3929 1052 3995 μᾶλλον
1071 3924 1103 3980 δὲ
1122 3927 1210 3994 τρεῖς).

255 4008 315 4056 221.
336 4021 402 4058 eura
419 4007 451 4058 tu
470 4005 538 4060 haec
559 4007 601 4060 ‘in
615 4009 718 4075 priscis
736 4007 947 4076 exemplaribus’
974 4022 1029 4061 esse
1051 4006 1122 4060 Pius
1140 4006 1212 4058 dicit.
1229 4016 1288 4055 eura

165 4080 257 4140 lilibet
275 4083 456 4139 Bneobelerus
476 4086 552 4141 Mus.
571 4085 658 4140 Rben.
678 4088 751 4141 XII
764 4104 794 4157 p.
813 4091 867 4143 133
885 4087 1057 4157 improbante
1083 4085 1214 4155 Vssiupio.

253 4169 313 4217 2⁶27.
333 4182 418 4233 quam
437 4167 559 4235 aliquam
586 4184 672 4236 quom
695 4183 728 4220 ex
750 4168 903 4223 Muellerum
922 4167 1063 4222 ‘Nasium'
1082 4184 1112 4236 p.
1133 4170 1202 4231 128,
1223 4178 1291 4232 quau
1331 4222 1335 4226 2

164 4244 187 4298 si
207 4262 292 4312 quam
317 4262 351 4298 ex
374 4246 507 4315 Brixius,
529 4249 743 4316 lonpuielissime.
782 4249 824 4316 Os.
844 4248 990 4304 Seitererut
1012 4248 1047 4302 de
1072 4258 1188 4305 Qusuoo
1208 4243 1294 4315 partis.

162 4342 189 4390 p.
209 4329 246 4377 20¹
265 4327 341 4393 adn,
359 4327 480 4381 Bolerus
503 4330 520 4381 l.
540 4345 560 4383 s.
580 4346 600 4383 s.
619 4346 646 4397 p.
667 4332 734 4396 169,
758 4329 806 4397 qui
824 4329 897 4397 quod
919 4345 945 4384 o.
964 4332 1017 4381 286
1041 4326 1157 4382 Nullast
1180 4327 1294 4395 uoluptas

160 4406 302 4470 praeferre
320 4407 457 4474 videntur,
476 4408 508 4462 ob
528 4409 749 4465 allitterationem
767 4408 817 4462 ltoe
829 4408 887 4464 loeo
904 4407 983 4462 valde
1001 4408 1179 4475 conspicuam
1196 4407 1297 4461 altem
