2956 5678
164 323 226 386 168
640 318 825 373 ΑΡΡΕΝΒΙΧ
1168 322 1305 371 ecc-4⁶1

149 465 271 520 ’1661666
288 464 419 520 Muelleri
428 465 506 519 Pr0s.
516 481 547 532 p.
560 468 615 518 556
628 463 688 529 (ubi
701 462 794 532 incepi
807 461 854 516 hic
868 461 960 530 operis
970 461 1101 531 praeibat
1110 459 1143 513 11
1160 461 1193 513 in
1201 460 1310 529 praefi).

163 545 271 599 Ibidem
286 559 339 613 pro
353 545 382 597 et
400 543 448 612 (ei)
460 542 633 597 Camerarius
650 544 692 610 tu,
710 541 739 596 'R
759 540 769 594 i
788 545 816 596 et
830 543 939 613 poenit.-
957 548 988 597 at
1000 542 1037 608 ct.
1054 541 1245 609 Kieoelinpr'ue
1253 540 1309 594 Am

111 656 113 661 ·
161 626 218 679 nal.
239 625 308 693 plril.
329 623 449 678 XCVII
460 641 490 691 p.
511 626 572 678 629.
598 653 626 661 —
654 624 734 692 potes
757 623 810 688 def.
835 622 997 692 Wapnerue.
1034 621 1106 676 Mea
1126 619 1243 673 Abduce
1258 635 1309 688 pro

163 705 262 760 Abduc
271 703 308 758 bt.
320 735 351 742 -
363 702 546 757 diuersorium
565 703 660 771 Scipio
679 702 797 756 Gentilis
813 702 926 772 Parerp.
947 703 968 755 I
986 704 1036 757 37.-
1054 700 1089 766 σι’.
1112 699 1228 758 Trncnl.
1246 704 1306 754 697.

253 789 313 838 437.
332 783 403 836 Tum
417 782 447 836 ll
461 800 520 838 cnm
531 783 681 837 Lambino:
699 799 722 835 o.
742 798 762 837 6.
784 812 817 822 -
836 785 902 838 ante
921 782 989 837 66116
1008 796 1140 835 occasum
1159 780 1304 835 aduersum

163 864 309 919 61666166
328 862 398 916 mihi
416 865 472 930 fuit
490 865 539 932 qui
557 867 709 932 temptaret:
728 869 759 918 at
776 863 811 928 af.
830 880 854 918 o.
875 865 957 919 1022.
977 862 1065 931 Epid.
1084 865 1150 915 144.

253 950 313 1000 438.
334 945 399 998 Non
414 986 419 997 .
435 987 442 999 .
458 985 464 998 .
480 950 544 997 ere?
563 941 593 995 bi
611 943 741 997 distinxit
759 959 818 997 arm
836 943 965 1012 6616616,
977 943 1028 997 ubi
1040 941 1139 995 metius
1157 942 1302 1012 16666666-

163 1028 262 1081 tr'onem
277 1030 341 1094 poet
359 1023 513 1093 Kaeplu'am
530 1023 699 1077 cumularunt
723 1022 868 1091 Vasinpine
890 1021 1114 1091 errbeclrtueaae.
1135 1052 1170 1061 -
1188 1023 1250 1076 1666
1267 1024 1303 1076 661

163 1109 195 1160 16
213 1108 284 1172 tace,
303 1121 424 1172 nequam
442 1105 507 1158 olim
521 1103 660 1158 Votienus
673 1103 714 1171 (61
728 1099 758 1153 li
771 1117 795 1154 o.
806 1102 873 1168 319)
889 1101 967 1156 Mar.
978 1101 1066 1156 Rben.
1079 1100 1110 1153 Χ
1115 1100 1164 1156 VI
1168 1119 1200 1172 p.
1209 1104 1261 1156 631
1269 1119 1300 1172 re.

163 1188 203 1241 u'c
221 1187 388 1255 impupnano
406 1186 534 1238 lacunam
552 1200 634 1253 quam
648 1187 712 1252 poet
725 1198 749 1234 o.
765 1185 820 1236 433
837 1186 973 1236 statuerat
991 1180 1029 1236 11.
1050 1211 1082 1221 -
1103 1182 1146 1235 In
1162 1183 1216 1250 fine
1231 1199 1296 1237 6666

164 1267 221 1319 ium
240 1265 358 1319 addebat
372 1264 557 1332 Camerarius,
574 1265 638 1317 tace
659 1263 699 1317 bie
714 1263 835 1331 ponebat
853 1262 990 1317 0161666
1008 1265 1033 1315 et
1052 1266 1092 1316 ter
1110 1263 1179 1317 adeo
1191 1261 1295 1318 Balbine

163 1346 308 1400 inutiliter.
327 1346 412 1412 atque
430 1343 496 1398 hinc
516 1342 626 1411 61111,
645 1347 675 1397 et
693 1358 761 1396 caue
781 1342 856 1398 malo
874 1342 1007 1410 Briciuc,
1026 1342 1145 1396 uerbera
1165 1342 1292 1398 Pataram

165 1425 307 1480 Hermatb.
324 1423 375 1477 XI
381 1442 411 1494 p.
423 1429 486 1491 410,
505 1426 534 1477 61
552 1423 597 1478 fao
615 1427 694 1478 tuum
719 1422 858 1477 Valdenue
876 1424 953 1490 (olim
971 1424 1059 1490 atque
1077 1422 1232 1493 61116666
1246 1439 1289 1478 mr

163 1506 303 1575 quadrant
321 1509 385 1558 ante
403 1503 473 1558 Mihi
492 1502 608 1572 dolebit
629 1520 683 1557 non
702 1501 767 1570 tibi,
785 1503 900 1572 denique
918 1518 952 1557 66
971 1502 1053 1556 mitia
1072 1519 1119 1557 me
1136 1503 1287 1570 lietbuini,

161 1585 234 1655 quod
261 1601 323 1639 erne
349 1599 424 1638 cerco
452 1585 540 1637 dicere
566 1600 622 1638 non
641 1587 736 1652 potest.
764 1581 832 1650 quid
856 1588 956 1651 paueat
987 1580 1028 1637 fl.
1068 1581 1188 1638 cama
1211 1583 1285 1650 etad

161 1683 184 1720 o.
205 1669 278 1733 387,
300 1668 355 1719 404
364 1679 418 1734 opo.
423 1705 433 1732 ,
456 1666 575 1733 432666.
613 1662 683 1716 Moe
700 1661 766 1729 tibi,
790 1661 878 1734 (bic)
902 1663 925 1715 ci
950 1662 1017 1730 quid
1037 1679 1090 1731 ego
1109 1661 1147 1718 B.
1168 1679 1219 1718 nou
1234 1660 1274 1716 tib'

162 1747 275 1814 egomet
293 1742 403 1812 siquid
422 1743 621 1798 Fleclreiaenue.

251 1829 312 1878 441.
331 1823 396 1877 hinc
410 1839 466 1893 pro
483 1822 529 1876 hic
544 1821 574 1875 11
592 1823 730 1889 refutante
743 1822 853 1876 Briorio.
873 1852 908 1862 -
927 1821 999 1892 perii
1017 1829 1133 1893 utroque
1149 1825 1201 1879 loao
1215 1821 1275 1877 Lan·

164 1907 254 1974 binus,
273 1904 358 1974 periit
371 1906 467 1974 priore
485 1903 608 1958 Guietuo.

252 1991 313 2040 442.
338 1983 493 2039 lembulum
527 1983 682 2037 dierectum
716 1982 835 2037 Bothina
862 1983 1064 2039 commendante
1095 1984 1193 2040 Koeltio
1217 1983 1272 2036 1166

162 2066 249 2120 Rhea.
267 2063 405 2117 XXXII
411 2081 441 2134 p.
458 2069 503 2119 99.
541 2062 665 2116 lembum
683 2061 740 2116 ium
760 2060 915 2116 dierectum
934 2061 964 2115 11
984 2062 1053 2118 ‘nisi
1070 2061 1187 2117 lembum
1202 2077 1272 2117 eccum

162 2147 250 2216 mapic
265 2144 424 2214 placuerit'.
461 2142 585 2198 lembum
606 2141 742 2197 directum
761 2141 813 2196 illa
831 2142 1030 2197 Fleckeicenuc.
1060 2143 1177 2197 lembum
1192 2140 1270 2194 dierec-

162 2229 222 2279 tum
242 2240 337 2279 eccum
359 2223 463 2278 061666
481 2225 498 2278 1.
517 2239 539 2279 a.
557 2239 580 2277 6.
595 2240 626 2290 p.
646 2227 691 2277 63.
729 2223 771 2291 Os.
795 2223 939 2277 Palmerue
965 2222 1108 2278 Hermatb.
1128 2223 1158 2276 X
1168 2239 1194 2292 p.
1209 2225 1270 2288 656.

253 2310 315 2358 443.
335 2302 463 2370 16661166,
483 2303 531 2371 qui
550 2318 600 2372 pro
616 2319 660 2356 me
679 2302 747 2358 hero
763 2301 945 2357 Camerarius.
965 2301 1092 2372 16661166,
1110 2303 1156 2373 qui
1170 2316 1207 2355 rue
1222 2299 1269 2354 166

163 2400 226 2439 meo
246 2384 406 2438 Lambinus.
426 2381 553 2449 16661166,
573 2381 649 2451 quin’
668 2381 737 2436 hero
757 2399 802 2436 me
820 2383 970 2438 Bentleine.
990 2382 1108 2437 16661166
1125 2383 1169 2452 qui
1184 2377 1267 2436 domiuo

163 2479 208 2517 me
226 2463 360 2530 Botbiuc,
384 2464 456 2531 quod
474 2462 641 2517 commendat
667 2461 819 2530 Volaterrae,
843 2480 890 2518 are
912 2479 970 2518 non
988 2465 1159 2519 commendat.
1181 2459 1267 2516 1666116

164 2561 225 2598 sum
244 2543 292 2612 qui
310 2559 358 2598 ero
376 2560 422 2596 me
441 2542 471 2596 11
489 2544 533 2611 (de
551 2559 603 2612 quo
617 2559 762 2612 perperam
784 2545 953 2598 iudicantem
973 2543 1101 2598 Oleennm
1116 2560 1144 2612 p.
1160 2548 1183 2597 9.
1198 2544 1226 2594 61
1238 2554 1266 2592 re

164 2625 267 2690 futaoit
286 2623 436 2693 Seyffertno
455 2622 635 2677 ‘detrectem'
656 2622 756 2692 1883l5
770 2640 801 2692 p.
821 2628 857 2678 53
866 2640 904 2692 sq.
924 2624 1009 2689 adn).
1047 2621 1169 2678 inscitior
1183 2619 1221 2689 qui
1234 2632 1266 2672 ero

164 2719 208 2756 me
229 2702 418 2757 Fleckeisenus
437 2702 496 2757 coll.
519 2702 595 2757 Trin.
616 2705 682 2766 936,
706 2704 805 2771 Anrple.
826 2708 869 2758 56.
907 2703 974 2758 Non
996 2704 1180 2773 neptependum
1194 2701 1220 2756 ab
1232 2699 1265 2751 lac

164 2784 222 2837 loco
240 2783 324 2837 dubio
343 2784 368 2836 ci
385 2782 522 2837 recessero
545 2782 684 2836 moderari
707 2800 849 2852 nunquam
875 2785 1006 2854 contempt
1031 2800 1091 2838 cunr
1109 2784 1191 2837 datico
1201 2793 1264 2850 paro

163 2879 216 2915 nae
234 2863 280 2929 (cs.
296 2862 444 2932 Lanpenuo
464 2862 574 2916 ‘Beitn'
590 2879 617 2930 p.
637 2864 712 2930 231).
752 2863 939 2933 Capitooeram
953 2864 986 2917 de
1005 2863 1055 2932 qui
1073 2860 1191 2918 dromoni
1203 2874 1266 2930 put:

163 2942 209 2994 scd
229 2945 286 2995 turn
304 2940 352 2994 ille
367 2957 421 3010 pro
439 2958 484 2996 me
503 2942 675 2996 scribendum
693 2947 758 2996 esset
775 2959 800 2994 o.
819 2946 880 2996 444.

254 3025 313 3074 446.
336 3020 458 3074 Tertium
472 3026 563 3076 actum
577 3038 633 3076 non
651 3022 699 3076 boc
714 3023 770 3076 loco
783 3023 829 3077 sed
843 3040 862 3075 a
874 3039 900 3077 o.
911 3027 966 3078 559
984 3024 1105 3093 incipere
1121 3021 1196 3078 uoluit
1207 3019 1267 3088 Spa

164 3100 251 3168 petiae
276 3099 331 3153 ‘die
352 3100 501 3156 Acteintle.’
529 3119 557 3171 p.
582 3108 683 3171 20⁸l·›
711 3107 742 3155 6-1
765 3104 843 3157 iutra
868 3119 995 3156 uersuum
1023 3106 1165 3157 442-465
1180 3099 1269 3170 66611111

166 3180 357 3233 Menaechmus
380 3197 504 3248 praneue
526 3182 577 3249 cit,
596 3184 748 3250 potaverit,
767 3189 886 3239 scortum
905 3183 1077 3238 accubuerit:
1104 3183 1171 3252 quod
1186 3181 1226 3235 etei
1238 3193 1270 3232 ct·

164 3259 241 3313 61601
254 3260 412 3327 praefracte
429 3263 533 3329 nequit,
552 3268 642 3316 tamen
660 3279 744 3331 neque
762 3264 944 3318 neceesarium
962 3269 1000 3318 661
1019 3281 1104 3334 neone
1117 3261 1244 3333 probabile.

254 3344 314 3393 446.
336 3339 415 3393 annis
434 3340 553 3409 triginta
571 3345 654 3396 66166
674 3360 734 3396 sum
753 3343 865 3411 quando
886 3339 1275 3413 0616666166(6666616611·

164 3422 236 3487 666).
274 3417 391 3488 triginta
414 3422 497 3473 66166
521 3421 601 3475 annio
626 3439 679 3491 ego
703 3441 764 3477 sum
784 3439 869 3491 quom
888 3426 981 3492 (66166
1000 3423 1081 3477 annis
1101 3441 1158 3479 cum
1177 3423 1276 3479 061161·

165 3518 226 3553 eum
245 3516 329 3568 quom
349 3517 401 3568 ego
424 3501 553 3571 Pylades)
568 3501 605 3555 11.
643 3501 778 3573 trigintad
799 3502 878 3557 66616
900 3506 982 3557 66166
1003 3521 1065 3557 sum
1086 3521 1168 3572 quom
1184 3501 1278 3558 Boule-

164 3581 237 3634 lerue
247 3581 279 3634 de
288 3581 353 3634 decl.
361 3597 391 3648 p.
402 3584 444 3636 48,
452 3581 468 3595 “
482 3581 671 3650 trigintarium
686 3600 747 3636 sum
761 3584 843 3638 66166
859 3583 938 3638 66616
949 3600 1033 3650 quom
1046 3584 1200 3639 Muellerus.
1225 3580 1282 3637 1161

164 3674 261 3712 uerum
278 3676 331 3728 pro
350 3676 435 3727 quom
446 3662 599 3731 Geppertuo
617 3662 755 3730 ‘Zsclrnfi
772 3664 907 3735 Gymneo’
931 3663 1014 3716 XIX
1032 3682 1063 3733 p.
1075 3670 1137 3720 901.
1175 3665 1213 3718 De
1224 3661 1283 3732 quie·

164 3746 363 3807 6166166441
383 3741 418 3806 cs.
438 3740 546 3795 Neuius
567 3741 728 3798 ‘Forment'
751 3744 793 3796 ΙΙ
806 3763 835 3813 p.
855 3747 919 3798 245.

253 3824 313 3873 449.
333 3819 410 3873 inhio
429 3827 536 3889 praeter
555 3820 631 3874 hieto
652 3821 816 3877 Palmariuc.
842 3825 944 3877 haereo
966 3822 1149 3880 Camerarius.
1174 3827 1205 3880 de
1220 3820 1287 3878 hittio

164 3900 357 3954 lmriolabatur
377 3900 520 3955 Gruterus.
540 3901 647 3956 inhieto
666 3902 816 3958 Bentleiua.
853 3903 896 3957 Dc
914 3902 1009 3971 abi(i)t
1027 3920 1051 3958 o.
1072 3910 1125 3959 450
1143 3905 1291 3970 6111666-

165 3978 229 4031 diue
247 3979 278 4030 in
303 3979 455 4045 Woelfflini
474 3981 577 4035 Aret-io
597 3980 646 4033 IV
658 4000 687 4050 p.
708 3986 769 4036 469,

256 4063 315 4110 451.
337 4058 483 4114 ‘Mutilum
503 4077 608 4115 caeram
626 4063 722 4116 addito
736 4063 810 4116 male
828 4064 962 4132 supplevi,
980 4064 1021 4118 sic
1039 4065 1182 4120 turbatum
1192 4065 1295 4121 Botbiuc

164 4138 228 4190 olim
247 4138 334 4191 dedit:
354 4138 408 4202 Qui
426 4138 507 4193 illum
526 4139 555 4194 di
573 4141 698 4209 deaeque
719 4158 814 4196 omnes
834 4142 966 4210 perdant,
991 4143 1041 4210 qui
1059 4147 1234 4199 commentae
1251 4145 1298 4215 pri·

164 4233 224 4271 mua
245 4220 288 4271 est
307 4220 370 4288 (qao
385 4222 505 4288 peritius
523 4221 664 4276 Lomanuo
679 4240 708 4291 p.
730 4227 778 4276 51:
804 4223 909 4291 primus
928 4223 975 4290 qui
995 4229 1172 4278 commentus
1191 4229 1252 4293 eet),
1267 4229 1301 4279 ric

164 4303 254 4350 aute-m
273 4315 373 4366 nuper:
394 4299 447 4365 Qui
466 4299 546 4354 illum
566 4303 699 4370 perduint
717 4303 746 4357 di
765 4319 861 4357 omues
880 4321 901 4358 6
915 4321 939 4372 o.
953 4303 987 4357 6.’
1009 4302 1046 4356 tt.
1085 4304 1303 4363 Emendationera

164 4375 487 4434 BottioLomanr‘anam
507 4383 846 4452 occupaverotBentleiue‚
861 4384 992 4452 probauit
1001 4383 1183 4440 anbeiuein
1194 4387 1306 4444 Studet.
