2956 5678
164 746 205 801 ΙΙΙ
225 752 335 804 25—34
643 745 825 802 CVRCVLIO

160 911 261 995 Apud
285 909 466 995 Sicyonem

688 1018 783 1083 Inoo

485 1123 571 1189 Nam
595 1123 669 1208 quid
694 1123 726 1187 id
749 1124 848 1189 refert
870 1146 951 1207 mea,

163 1232 219 1294 An
243 1231 319 1294 ailla
342 1252 461 1314 quassa
484 1234 556 1295 cum
580 1230 686 1294 cinere
710 1231 843 1295 effossus
868 1231 950 1294 siet?

260 1422 266 1432 ,
647 1351 829 1420 Ovnevnro

163 1461 420 1546 Superstitiosus
443 1458 497 1525 hic
519 1460 692 1544 quidemst:
716 1463 793 1525 vere
815 1461 989 1545 praedicat

162 1567 252 1634 Nam
275 1562 460 1652 citapnltae
482 1568 576 1632 illaec
600 1567 640 1631 rid
664 1589 713 1632 me
737 1568 849 1633 crebro
872 1571 1051 1633 conmeant.

164 1674 367 1740 Adulescens
391 1676 524 1739 obrem
547 1673 710 1757 publicam
733 1674 795 1739 hoe
817 1675 905 1739 intus
930 1673 1009 1738 mihi

163 1780 261 1857 Quod
284 1779 412 1866 insigne
434 1779 549 1862 habeo,
573 1781 691 1863 quaeso
715 1801 756 1844 nc
779 1803 830 1844 me
854 1781 1043 1845 incomities.
1257 1794 1310 1842 loo

691 1903 786 1970 Luco

162 2013 298 2077 Licetne
320 2010 473 2096 inforare,
496 2011 523 2076 si
546 2009 748 2076 incomitiare
771 2009 859 2076 haud
882 2009 979 2075 lieet‘?

651 2132 832 2200 cvucvuo

162 2242 244 2309 Non
265 2241 426 2309 inforabis
450 2245 502 2306 me
525 2241 662 2327 quidem,
684 2263 742 2306 nec
766 2240 848 2305 mihi
871 2242 976 2325 placet

164 2350 274 2414 'l'u6n1
297 2349 445 2433 profecto
467 2348 528 2414 ne'c
551 2347 657 2412 forum
679 2368 739 2412 nee
763 2349 939 2413 comitium.

163 2454 230 2521 Sed
253 2455 341 2520 hunc
364 2477 458 2539 quem
481 2475 600 2539 quaero
625 2455 865 2519 conmonstrare
888 2453 919 2517 ai
940 2458 1042 2537 potes,

166 2582 382 2589 .--..—--—

164 2630 250 2685 oculo
273 2630 387 2685 coclea
406 2633 439 2684 ut
456 2629 532 2684 ocleo
549 2629 655 2698 dictae,
678 2629 726 2697 qni
744 2647 830 2683 unum
849 2629 965 2684 haberet
983 2629 1107 2696 oculum3
1135 2629 1266 2698 quocirca
1284 2629 1312 2682 in

165 2709 335 2764 Curculione
354 2712 411 2765 eat:
431 2709 493 2763 ‘De
513 2709 682 2763 Coclitum
702 2750 841 2764 .......
860 2726 935 2763 nom
955 2709 988 2763 hi
1007 2713 1085 2763 aunt
1103 2709 1257 2763 unoculi’

165 2790 280 2844 Ser-cina
294 2791 332 2844 nd
341 2792 411 2847 Aen.
424 2790 511 2844 VIII
520 2807 545 2844 e.
555 2794 623 2844 649:
638 2788 710 2841 Nam
725 2789 816 2843 luscos
831 2789 975 2843 coelites
990 2789 1119 2842 dixerunt
1135 2789 1293 2858 antiqui...
1306 2831 1311 2842 .

164 2871 284 2926 Plautus
310 2871 339 2925 in
368 2870 547 2925 Curculione:
576 2867 638 2922 ‘De
665 2868 832 2922 Coclitum
853 2909 969 2926 ......
989 2888 1064 2923 num
1092 2870 1127 2922 hi
1150 2874 1229 2923 suut
1253 2888 1312 2923 un·

165 2952 279 3008 oculi'
353 2956 415 3005 400.
436 2949 536 3004 Featue
551 2948 639 3002 Pauli
650 2965 678 3015 p.
694 2952 757 3013 107,
772 2953 803 3000 5.·
822 2949 999 3003 lnoomitiore
1019 2949 1159 3018 siguificat
1175 2950 1233 3003 tale
1248 2967 1313 3004 con-

164 3031 273 3087 vicium
293 3029 393 3096 faeere,
413 3046 464 3099 pro
483 3046 539 3099 quo
557 3044 669 3082 necesse
689 3028 726 3080 eit
743 3027 772 3080 in
791 3029 944 3097 comitium,
964 3030 1016 3084 hoc
1036 3029 1122 3083 estin
1137 3034 1313 3098 conventum,

164 3111 272 3166 venire.
310 3108 439 3163 Plautus:
468 3109 616 3175 ‘Quaeso
644 3123 682 3161 ne
710 3124 759 3160 me
787 3107 997 3163 incomitiee’
1090 3117 1148 3164 401.
1178 3110 1315 3165 Osternus

162 3211 196 3262 p.
215 3196 284 3245 110.-
311 3189 457 3244 incomitio
481 3228 576 3244 .....
599 3188 629 3241 in
648 3186 795 3241 comitium
820 3188 975 3254 addacem
1000 3190 1072 3242 unde
1090 3189 1166 3243 idem
1186 3190 1313 3244 Plautus:

167 3270 320 3325 ‘licetne
345 3268 499 3323 inforare
523 3269 551 3322 si
574 3267 794 3323 incomitiare
817 3286 882 3321 non
905 3267 1005 3322 lieet’
1100 3269 1177 3323 Idem
1193 3288 1221 3337 p.
1242 3274 1315 3323 217:

165 3351 207 3405 Et
222 3351 326 3417 inforo,
344 3366 376 3403 aa
396 3347 423 3399 ·i·
441 3347 608 3418 inplacitare
627 3349 656 3403 in
674 3348 744 3415 foro,
763 3346 835 3400 unde
850 3347 979 3402 Plautus:
1000 3349 1146 3404 ‘licetne
1162 3391 1167 3401 .
1184 3390 1190 3400 .
1206 3393 1212 3404 .
1229 3394 1234 3404 .
1249 3367 1315 3404 non

164 3431 271 3487 lieet'
318 3430 360 3496 Of.
385 3446 416 3496 p.
444 3433 511 3482 292.
553 3429 602 3483 En
628 3429 746 3484 osberno
773 3429 856 3495 fluxit
882 3429 971 3495 ylossa
1001 3429 1188 3483 ‘Isidorione'
1214 3429 1317 3484 Loeeeii

169 3512 275 3566 Prode.
291 3527 321 3579 p.
340 3512 395 3564 261

240 3688 298 3725 nno
317 3667 434 3724 oculiJ
500 3668 589 3723 ictum
608 3671 651 3722 eut
669 3669 792 3722 EJFZ.
817 3669 920 3722 iectum
939 3671 982 3721 est
999 3668 1035 3725 Β.
1062 3688 1099 3722 arr
1117 3671 1173 3736 fuit
1192 3669 1316 3723 cietum?

240 3749 329 3803 miehi
352 3748 383 3801 E
447 3754 507 3804 395.
536 3749 676 3817 nyciouem
700 3767 733 3802 ex
756 3749 888 3803 sicionem
911 3748 947 3803 B.
984 3749 1113 3803 sitionem
1140 3750 1175 3801 Ε.
1212 3750 1317 3821 sicione

167 3829 193 3884 J
278 3834 339 3882 306.
358 3843 462 3895 quassa
480 3844 513 3881 en
531 3845 619 3896 quasa
635 3829 677 3881 13²
762 3834 821 3881 397.
843 3828 1073 3896 supersticiosas
1093 3829 1127 3884 Β.
1165 3846 1248 3897 super
1267 3831 1315 3882 sti-

168 3909 262 3963 riom
284 3907 345 3961 Ε]
433 3906 546 3975 quidam
570 3912 614 3962 est
635 3908 724 3961 ΒΕ]
810 3907 937 3976 predicat
954 3909 1018 3962 ΒΕ
1106 3915 1165 3963 398.
1194 3926 1315 3976 namque

169 3987 366 4042 Fleckeiaenaa
437 3988 598 4057 catapultae
618 3987 700 4040 illaec
719 3989 855 4057 Guyetna:
876 3989 1028 4042 Muellerus
1048 3990 1125 4042 Pron
1149 3991 1191 4044 Pl.
1208 4008 1238 4057 p.
1254 3994 1314 4044 745.

115 4124 117 4139 2
170 4066 256 4122 ilhcc
266 4066 428 4136 enbpultae
438 4067 513 4132 liora·
523 4069 581 4122 aiei
593 4067 664 4137 cited
673 4066 813 4134 illecRE,
827 4069 928 4140 illeoJ,
938 4068 1080 4141 catapulte
1092 4070 1127 4123 Ε.
1147 4069 1230 4122 illaec
1240 4072 1314 4122 eata-

172 4146 268 4217 palas
282 4145 448 4200 Riteeheliua
502 4150 662 4202 commeant
679 4148 769 4200 ΒΕ]
821 4154 881 4202 399.
902 4149 1063 4202 adolescens
1082 4148 1172 4201 ΒΕ]
1221 4150 1314 4202 obrem

175 4225 265 4280 ΒΕ]
349 4225 422 4280 ictus
441 4243 475 4280 ec
492 4243 561 4282 corr.
581 4226 617 4281 F.
642 4229 713 4281 ι’]οηι
731 4229 891 4292 Acidaliae,
909 4229 982 4281 unde
999 4230 1113 4282 intumet
1132 4230 1262 4293 Belbina,
1285 4235 1315 4283 ul

179 4307 367 4360 melios
439 4313 499 4362 400.
526 4306 595 4376 quid
618 4324 651 4361 en:
674 4307 748 4375 quod
768 4307 798 4359 Ε
867 4325 952 4375 quero
970 4309 1060 4361 ΒΕ]
1128 4309 1246 4361 nomed

180 4383 332 4440 noomitier
351 4401 385 4439 ex
403 4384 564 4440 incomieiea
582 4385 617 4442 Β,
655 4386 857 4440 incomicieaJ
927 4393 987 4441 401.
1009 4388 1139 4441 Licetne
1159 4389 1248 4441 ΒΕ]

185 4463 296 4520 inforare
313 4468 342 4530 (o
360 4481 421 4534 cup.
437 4482 452 4519 e
463 4466 607 4534 priam
675 4465 703 4518 in
723 4467 871 4520 comiciare
890 4466 924 4521 B.
953 4467 1129 4521 incomieiare
1150 4467 1173 4518 J
1242 4468 1316 4521 baud

190 4540 307 4610 Bottiae,
325 4543 444 4599 Beieiua.
463 4563 519 4600 non
529 4547 595 4600 libri
640 4552 699 4600 402.
715 4545 828 4613 quidem
836 4546 860 4607 (i
869 4563 928 4614 sup.
939 4548 1008 4614 (ΗΒ
1058 4564 1113 4600 non
1127 4548 1210 4600 miehi
1223 4548 1283 4599 ΕΖ

192 4620 273 4687 placet
285 4623 455 4680 Hermolaus.
476 4627 590 4695 placens
605 4627 678 4680 libri.
698 4626 812 4695 placent
826 4626 967 4681 Gruterus.
987 4629 1113 4683 Gerleius
1163 4634 1223 4680 403.
1238 4630 1317 4680 tuum

197 4698 251 4753 ltlri
298 4722 348 4758 nec
367 4705 458 4759 forum
476 4707 641 4772 (exieram)
663 4705 740 4758 Eira
758 4723 844 4773 moro.
900 4707 1044 4760 coruitiuru
1064 4725 1096 4760 ex
1116 4706 1262 4760 conuicium
1283 4708 1317 4762 B.

201 4779 325 4836 conuicium
342 4783 367 4838 J
422 4792 482 4840 404.
503 4805 583 4854 quem
604 4805 654 4841 om.
676 4787 713 4838 Z:
733 4803 801 4839 corr.
821 4786 985 4840 Hermolaus
1046 4804 1132 4856 quero
1151 4786 1213 4841 BI.
1233 4803 1318 4853 quero

205 4852 225 4904 Ε
283 4867 497 4918 commonetrare
516 4866 575 4920 Β]
612 4869 810 4920 commostrare
830 4866 859 4917 E
930 4866 1033 4934 sipotee
1053 4868 1079 4918 Β

246 4954 259 4991 l>
261 4965 327 4998 rrrrr
339 4963 389 5002 cru
391 4974 462 5002 cccccc
1091 4961 1107 5007 4
