2956 5678
161 307 225 371 102
650 303 837 360 APPENDIX
1162 306 1303 358 rue-eol

162 500 195 508 -
211 465 269 521 niri
287 466 435 521 continuos
449 482 539 535 neque
558 465 698 520 licitumst
715 467 822 520 interea
840 467 1070 521 meam-amioum
1088 460 1180 519 uiuere
1194 461 1308 518 Reiriue

161 549 239 615 apud
257 546 449 601 Hennanuarn
467 548 500 601 de
518 549 610 601 oretria
624 549 780 615 p.139sp.,
798 548 846 616 qui
864 562 955 600 meam
974 546 1067 600 uisere
1079 545 1154 614 (itan
1167 543 1308 612 Balbino),

141 629 211 682 ,ubi
228 627 318 681 uisere
343 643 435 681 meam
459 627 577 680 amicam
603 626 740 698 Gupetue,
768 626 801 680 de
828 625 924 680 uidere
948 627 984 695 (ei
1011 624 1143 691 baacbeie)
1170 623 1310 692 copiiabot

161 709 317 762 Berroietuo.
338 739 369 746 -
391 708 477 761 Estne
496 706 550 762 hoc
569 725 604 762 m.
625 726 660 762 m.
679 708 818 777 separavit
838 706 1012 761 Camerarius
1039 706 1084 773 (ef.
1108 704 1204 772 ann),
1222 703 1312 758 verbio

162 788 259 856 Neque
277 788 385 842 licitum
403 786 538 842 intereant
557 789 647 843 uisere
667 787 786 842 amicam
805 787 937 842 adiunxit
955 786 1106 841 Muellerus
1124 787 1237 855 12418.
1256 788 1312 838 700

124 898 125 902 ,
163 875 244 937 atone
262 870 329 923 adeo
351 884 463 924 servans
485 884 576 922 meam
604 868 724 922 amioum
753 866 842 921 uisere
870 868 1000 934 (admneo
1029 865 1119 934 estne)
1147 862 1313 936 Spenadiue

165 947 249 1015 ‘Rei'
265 965 296 1017 p.
312 953 367 1002 365
386 950 432 1017 (cf.
454 948 485 1002 Τ.
506 949 548 1002 Μ.
568 948 600 1019 Ρ.
616 964 646 1017 p.
662 948 732 1014 143).

254 1042 353 1106 23lep.
390 1036 488 1092 Verona
514 1042 597 1091 antea
623 1038 735 1091 intres
761 1038 884 1092 senarios
910 1037 1042 1106 diopeetoo
1067 1039 1138 1089 recte
1168 1032 1317 1103 dieeripeit

165 1117 283 1172 Botbiue
302 1119 346 1185 (es.
366 1115 558 1172 Fleckeisenue
576 1117 607 1171 in
628 1132 722 1185 propr.
749 1117 848 1173 Dresd.
868 1134 894 1172 α.
914 1121 986 1172 1854
1000 1134 1032 1185 p.
1045 1117 1143 1184 25qu
1163 1117 1318 1183 praecum

166 1197 304 1250 Boudeia:
323 1196 406 1250 Potin
425 1212 455 1250 es
479 1198 530 1266 (sio
553 1214 614 1250 cnm
633 1196 717 1250 Gellii
740 1199 818 1253 codd.
837 1214 888 1252 reo.
908 1203 932 1252 ei
955 1197 1028 1268 vulp.
1047 1197 1129 1250 etiarn
1152 1192 1317 1263 Veeinoiur:

166 1278 201 1343 af.
223 1277 392 1330 Schraderue
410 1277 442 1329 de
462 1293 514 1332 ava
526 1278 628 1346 partie.
643 1294 673 1344 p.
689 1282 728 1332 29
745 1278 840 1348 [285]
852 1279 941 1347 epa).
962 1321 967 1332 .
989 1321 994 1333 .
1015 1274 1156 1331 ‚aliorum
1175 1271 1319 1345 affutimss

168 1359 220 1412 Est
239 1376 265 1426 q.
285 1357 303 1411 f.
325 1374 345 1412 e.
365 1374 388 1409 o.
408 1356 473 1409 uolo
493 1357 542 1424 (ric
561 1357 637 1410 codd.
656 1373 706 1410 roa.
727 1359 876 1426 corripiente
893 1358 1036 1426 Scioppio)
1053 1356 1073 1410 f.
1092 1374 1120 1426 p.
1139 1373 1167 1409 a.

257 1451 318 1499 233.
348 1445 390 1498 Do
408 1445 493 1498 isium
518 1446 558 1499 rei
582 1444 605 1497 is
629 1446 690 1498 tum
708 1446 855 1501 dubitabat
873 1446 1077 1501 Sitaiemunduo
1096 1445 1114 1500 1.
1128 1459 1150 1498 e.
1164 1459 1189 1497 s.
1206 1459 1237 1512 p.
1251 1445 1319 1508 424,

170 1528 236 1581 dein
253 1542 291 1578 na
310 1526 361 1592 (oei
379 1542 425 1579 mu
443 1525 484 1579 ori
502 1527 545 1592 ru)
564 1524 655 1577 mutia
672 1526 724 1594 (rei
742 1524 831 1593 milia)
851 1525 908 1581 diei
925 1527 1041 1595 sipnana
1060 1526 1098 1580 ad
1115 1524 1241 1592 epatium
1259 1539 1317 1578 um-

167 1608 297 1675 bramque
315 1606 476 1660 litterarum.
508 1605 633 1673 Capitoni
651 1606 847 1660 demolierunt
865 1607 945 1660 abitu
962 1606 1004 1660 oei
1022 1605 1154 1671 irrmuiiu,
1173 1618 1248 1672 quae
1264 1602 1323 1657 iam

169 1687 248 1756 adipi
265 1688 329 1741 odit
347 1691 470 1741 amaior:
488 1686 534 1739 sed
552 1686 635 1739 niniae
653 1687 760 1739 ineerta
778 1692 816 1740 est
835 1686 923 1740 omnia
941 1685 1107 1740 coniectura.

261 1770 321 1820 234.
342 1764 414 1831 Quia
428 1764 494 1818 uolo
509 1764 656 1835 Seyffertue
670 1765 740 1820 bas.
752 1783 782 1834 p.
797 1770 854 1820 426
869 1767 948 1820 adn:
962 1771 993 1820 at
1005 1765 1068 1820 vida
1082 1764 1120 1820 od
1134 1762 1323 1820 Maioma

259 1851 320 1899 235.
350 1847 381 1898 tu
399 1862 488 1916 ponas
512 1844 657 1916 Vesinpiue
677 1848 828 1914 (protectus
847 1865 865 1899 a
888 1847 951 1900 tota
974 1861 1064 1915 ponas
1085 1845 1164 1898 Maii
1189 1844 1322 1913 lectione).

260 1931 311 1978 242
321 1943 358 1994 eq.
388 1926 440 1979 Aa.
455 1926 565 1992 Neque.
578 1968 583 1979 .
594 1968 601 1980 .
613 1926 725 1991 ‚faeere¹
741 1927 772 1979 ut
786 1925 826 1981 sie
845 1925 960 1980 orbatae
980 1925 1041 1992 sim,
1058 1924 1136 1990 Quae
1154 1922 1230 1979 mihi
1248 1925 1324 1978 estet

171 2005 371 2062 commendata
404 2005 549 2076 Vesinpiue
577 2005 769 2072 infelicissimo.
799 2035 832 2044 -
862 2007 954 2061 Antra
980 2025 1006 2062 o.
1021 2011 1075 2060 240
1102 2006 1136 2060 de
1163 2004 1205 2059 Et
1230 2003 1323 2077 mi<hi

171 2087 257 2142 eoiret
284 2084 345 2158 sic>
373 2088 416 2139 sat
444 2101 527 2154 agere
555 2083 585 2137 in
613 2085 696 2138 corde
722 2085 780 2151 suit
807 2101 869 2139 oum
893 2087 1048 2155 copitarem.
1069 2115 1102 2126 -
1127 2083 1159 2140 V.
1175 2090 1231 2139 249
1255 2083 1322 2153 quid

173 2169 273 2222 auctor
290 2183 364 2220 nune
383 2163 501 2219 mihies
525 2166 585 2232 (ubi
609 2167 652 2218 eat
672 2166 781 2234 Maius)
804 2171 873 2220 recte
892 2166 1071 2236 Ladewipiue
1090 2165 1167 2221 Mus.
1188 2164 1278 2219 Rirau
1295 2182 1322 2218 n.

175 2247 234 2300 III
247 2263 276 2315 p.
292 2251 358 2302 528.
396 2245 458 2313 quis
478 2247 576 2299 auctor
594 2261 666 2298 nunc
685 2243 755 2298 mihi
779 2251 822 2300 est
845 2247 915 2301 maie
937 2245 1091 2315 Vesinpiuo.
1110 2275 1145 2285 -
1164 2243 1211 2301 De
1233 2244 1322 2299 laetor

171 2327 317 2383 dubitabat
335 2327 417 2380 etiam
436 2324 584 2397 Seyffertue
603 2325 620 2378 t.
634 2340 655 2378 e.
669 2341 689 2379 s.

261 2412 361 2475 uturp.
381 2404 472 2470 Quidr
490 2407 569 2458 tuam
587 2403 720 2460 amicam.
732 2405 872 2461 ...ceiett
896 2406 1009 2461 Voeeiue
1027 2406 1059 2460 in
1073 2404 1197 2476 Etpmoi.
1216 2411 1242 2460 et
1256 2404 1320 2460 Saa-

173 2489 242 2558 iiper
252 2488 357 2542 Auson.
369 2486 425 2540 ieet.
437 2485 479 2538 ΙΙ
487 2490 527 2541 22
544 2487 635 2552 (tuam
652 2501 712 2539 eum
728 2487 812 2554 aliie).
834 2485 876 2553 Of.
886 2486 1036 2557 Seyfferiuo
1055 2487 1072 2540 i.
1082 2502 1105 2541 e.
1114 2502 1137 2541 e.
1147 2502 1180 2555 p.
1189 2490 1249 2541 427
1256 2485 1319 2539 adra

264 2572 325 2622 284.
354 2566 398 2621 De
416 2582 495 2620 arma
513 2564 583 2619 mihi
602 2566 753 2620 traiciendo
771 2566 841 2620 maie
859 2567 961 2637 copiiat
980 2566 1138 2634 Vesinpiue,
1154 2565 1190 2620 de
1208 2563 1264 2618 hue
1280 2562 1319 2617 irr-

173 2647 285 2702 eerendo
304 2645 455 2700 Muellerus
468 2662 498 2714 p.
514 2649 575 2700 504.

263 2730 323 2779 286.
352 2722 424 2792 perii
443 2724 535 2778 hercle
555 2725 600 2778 hie
617 2724 727 2779 insanit
745 2724 829 2779 miser
847 2726 968 2792 defendit
983 2725 1149 2796 Lindeayue
1165 2724 1277 2780 ‘Journ
1291 2724 1321 2790 os

171 2804 280 2876 pbrioi!
299 2804 399 2858 XXII
412 2821 441 2873 p.
452 2806 483 2857 3.·
501 2819 558 2857 nan
570 2809 649 2871 reete,
661 2820 723 2859 cum
742 2803 812 2873 perii
830 2806 900 2874 r'poie
913 2806 1013 2860 litteris
1027 2806 1146 2862 dubium
1159 2822 1195 2861 ne
1208 2805 1317 2876 quadret

175 2887 282 2956 quidem
300 2885 339 2939 ad
357 2884 410 2938 ioci
427 2884 594 2938 sententiam.

265 2968 326 3018 288.
354 2961 440 3034 peltis
456 2980 509 3031 pro
527 2963 624 3016 multis
643 2963 725 3031 (bine
743 2964 859 3018 dubio’:
881 2967 944 3020 item
967 2983 991 3022 o.
1007 2968 1072 3036 293)
1096 2971 1122 3022 et
1140 2962 1255 3021 triarios
1268 2979 1315 3035 pro

178 3044 303 3115 precario
328 3044 473 3112 Vrsinpiue
487 3048 599 3113 praeter
617 3060 719 3098 omnem
732 3047 965 3114 probabilitatem,
998 3047 1046 3101 Ad
1064 3045 1164 3102 multia
1183 3045 1314 3102 aeadau

176 3131 266 3195 poetria
284 3140 456 3178 nummorum
473 3124 752 3192 adnumerandam,
769 3131 801 3179 ut
818 3124 945 3195 precario
964 3124 1048 3179 docet.

266 3208 327 3258 290.
356 3202 496 3272 Vigilasse
524 3203 608 3258 oredo
635 3205 747 3258 noctem
776 3209 840 3274 (pro
864 3207 949 3260 Manu
977 3222 1038 3258 esse
1065 3204 1151 3260 eredo
1174 3203 1311 3269 nocitumb

183 3285 341 3354 Vesinpiue:
374 3283 423 3337 ubi
454 3282 659 3338 Sindimandus
689 3301 793 3354 quoque
820 3292 951 3354 corrupta
982 3285 1098 3339 babebat
1129 3286 1227 3353 acrba,
1255 3298 1311 3353 quar

175 3369 278 3434 referas
296 3366 334 3420 ad
352 3363 571 3433 superstitionem
589 3381 622 3418 ea
640 3365 735 3432 dipitia
753 3367 828 3419 mata
851 3371 908 3420 tarn
931 3365 1032 3431 inferri
1052 3381 1137 3435 quom
1161 3366 1248 3420 averti
1267 3378 1310 3418 ae

177 3447 308 3502 dentium.
346 3444 469 3499 Ceterum
486 3443 560 3497 bunc
577 3462 601 3498 o.
621 3446 717 3499 Aureo
736 3447 908 3500 continuavit
931 3442 1310 3513 reperiremomnia

177 3528 297 3584 mnrdue
325 3527 405 3594 (reete
432 3524 565 3593 ceteroqui
586 3539 732 3578 eameram
755 3525 947 3590 distribuens),
974 3524 1056 3577 oerba
1085 3540 1150 3578 oum
1179 3522 1261 3579 illaec
1280 3519 1310 3574 rie

178 3606 263 3675 facis,
284 3605 382 3659 Vtrum
409 3621 429 3657 a.
445 3621 470 3672 q.
484 3619 504 3657 ε.
524 3604 640 3658 aiteram
658 3621 804 3674 paeonum
829 3606 904 3673 ioqui
923 3604 1044 3673 putabat
1065 3605 1230 3675 Benoiatue,
1248 3602 1314 3660 taut

176 3705 270 3759 pauca
288 3687 321 3741 de
339 3686 383 3739 bie
400 3684 521 3738 oereibuo
540 3685 685 3752 adnotatio,
703 3700 772 3754 quaa
786 3689 911 3752 praestat
929 3690 1025 3737 tacere.

270 3770 332 3820 294.
360 3779 492 3833 peruerse
520 3764 615 3817 omnia
642 3764 845 3819 Stadernundus
872 3764 936 3817 oiim
960 3766 1068 3831 (postea
1090 3770 1110 3830 †
1133 3763 1323 3835 peruoreurio).

179 3861 314 3914 peruersa
333 3843 428 3897 omniu
447 3843 599 3914 Vesiupias.
632 3843 807 3911 pemioreario
827 3844 897 3911 (coit.
920 3843 1095 3899 ‘ricaesaario’
1116 3847 1189 3913 sini.)
1207 3842 1333 3913 defendit

182 3927 343 3994 Seyffertue:
361 3924 407 3977 aad
424 3924 508 3977 nimie
526 3925 632 3977 incerta
651 3924 727 3977 teatio
745 3925 777 3976 in
795 3926 829 3976 A.

272 4007 332 4058 297.
361 4001 566 4071 praestigiator
585 4003 654 4073 [es]‚
674 4001 811 4070 siquidem
834 4002 880 4056 hic
903 4019 960 4056 non
983 4019 1014 4056 ee
1036 4005 1123 4072 nique
1146 4004 1214 4060 ades
1232 4003 1343 4059 auae-

183 4083 311 4147 mundur,
325 4083 376 4136 dd.
391 4100 419 4136 ee
439 4099 491 4152 pao
509 4083 557 4136 rin
571 4099 661 4137 carere
672 4099 830 4150 possumus:
849 4099 902 4150 quo
915 4089 1021 4138 serrato
1040 4084 1128 4152 atque
1142 4102 1173 4139 ea
1187 4084 1350 4154 Venitur

182 4166 229 4233 (of.
249 4162 410 4218 Skutsobiae
426 4162 563 4217 ‘Foreob'
581 4163 602 4213 I
614 4179 644 4230 p.
661 4167 696 4216 53
715 4164 805 4229 adab:
823 4164 872 4217 ubi
891 4166 975 4233 atque
995 4181 1091 4220 ameno
1108 4166 1217 4222 dictiue.
1244 4167 1354 4233 atque

182 4261 279 4297 amans
297 4242 453 4296 Beuoietue.
476 4272 510 4280 -
530 4240 643 4309 quidem
660 4243 712 4298 dei,
733 4243 867 4298 Goetriue.

272 4327 324 4375 300
333 4338 370 4389 eq.
400 4322 503 4374 Amore
531 4324 597 4389 (pro
626 4326 730 4389 amoro)
758 4325 858 4390 scripsi
884 4326 943 4379 coli.
974 4326 1050 4381 Pers.
1070 4332 1158 4397 3oqa.
1186 4331 1212 4381 et
1236 4317 1354 4381 azffl

116 4417 118 4422 ·
184 4401 293 4456 Amoris
312 4400 371 4454 con.
394 4400 476 4454 Festo
493 4419 521 4469 p.
537 4405 667 4467 355,13,
686 4402 846 4457 Dioscorida
866 4403 912 4455 VJ
929 4409 977 4470 aa,
996 4405 1032 4459 az.
1053 4436 1087 4446 -
1107 4406 1164 4460 Aa.
1183 4423 1207 4461 a.
1222 4411 1271 4461 eor
1297 4392 1354 4458 or
