2956 5678
176 313 240 368 XIV
617 323 627 340 ·
641 307 848 362 PRAEFATIO

170 476 253 540 tisse
279 475 329 539 ‘in
352 472 490 559 Syr<a>'
514 476 547 538 et
569 470 662 538 Srna
685 493 802 537 nomen
824 472 923 536 fuisse
948 467 1096 548 ‘Lenee'‚
1125 490 1207 553 quae
1231 465 1319 556 Sele·

174 583 264 647 nium
287 583 365 646 olim
389 580 559 646 sustulerit
580 582 614 643 et
642 578 765 643 dederit
787 577 975 643 Melaenidi:
1003 596 1099 662 quam
1128 598 1200 641 cum
1224 575 1317 640 Lam·

174 688 269 773 padio
294 687 350 773 qui
373 690 567 772 exposuerat
589 690 623 750 et
645 689 714 750 tum
738 684 855 750 viderit
878 689 910 750 et
932 685 1017 750 forte
1045 685 1176 749 fortuna
1203 705 1315 748 rursus

173 795 325 880 reperiat,
344 816 506 860 summum
530 797 697 877 tamquam
721 792 885 858 cardinem
907 791 1037 857 fabulae
1056 794 1181 872 vertere
1200 793 1315 858 nostro

173 901 241 965 iure
264 901 414 965 dicemus.
461 898 569 963 Minus
597 903 683 963 reete
712 897 810 962 etiam
833 898 871 962 de
895 896 1019 982 ‘Syris'
1051 897 1189 982 cogitari
1218 919 1316 982 posse

174 1005 347 1091 Vssingius
372 1005 506 1087 addidit,
529 1007 656 1069 uttam
680 1003 737 1068 illa
760 1026 856 1090 quam
876 1001 1072 1089 Melaenis*)
1096 1004 1201 1069 amica
1224 1006 1257 1067 et
1280 1005 1315 1069 in

172 1113 280 1246 puella
308 1090 486 1178 auferenda
514 1112 643 1178 conscia
675 1133 714 1176 ex
743 1108 838 1194 Syria
869 1109 1021 1175 oriundae
1053 1110 1183 1176 fuerint.
1228 1109 1315 1174 Nam

172 1213 331 1284 ‘amicam'
356 1224 495 1304 tantum,
517 1242 584 1285 non
608 1215 820 1303 popularem'
845 1240 874 1282 ι.
897 1218 959 1282 133
982 1215 1071 1281 Lena
1094 1217 1173 1283 dicit
1195 1216 1316 1282 Melae·

171 1325 293 1410 uidem,
320 1330 357 1390 ut
383 1327 441 1390 illa
464 1326 650 1391 coniectura
678 1326 767 1389 omni
795 1327 903 1390 careat
889 1323 1147 1389 ttofundamen
1192 1322 1316 1389 Contra

169 1433 201 1496 in
232 1454 269 1497 eo
297 1432 382 1498 facio
411 1455 483 1497 cunr
508 1431 664 1518 Vasingio
694 1433 743 1496 vel
772 1435 829 1516 pot
831 1431 880 1496 ins
909 1453 980 1496 cum
1004 1430 1205 1515 Ladewigio,
1228 1431 1315 1514 quod

44 1546 52 1560 ‘
168 1560 294 1603 versum
327 1540 418 1604 illum
456 1561 493 1603 ex
528 1536 643 1623 ‘Syra'
680 1534 814 1631 a'llatnm
848 1537 1076 1622 Lampadionis
1113 1538 1213 1602 fuisse
1250 1543 1316 1602 sta·

168 1646 245 1730 tuit,
282 1669 355 1711 cum
388 1645 628 1711 Studemundus
662 1644 752 1711 Stud.
782 1643 814 1708 ΙΙ
844 1667 874 1729 p.
897 1645 962 1709 419
998 1645 1069 1709 adn.
1108 1645 1170 1728 ipsi
1206 1643 1314 1709 Lanae

168 1751 293 1817 tribuat
315 1752 452 1838 indeque
476 1752 525 1817 ad
539 1752 596 1817 Rit
597 1752 712 1817 sohelii
739 1752 922 1836 exemplum
950 1751 1111 1815 rationein
1139 1751 1201 1816 loci
1230 1753 1313 1817 exci-

102 1904 110 1919 .
169 1857 260 1921 tandi
291 1862 425 1941 repetat.
402 1858 556 1923 tNam
584 1880 657 1923 cum
684 1857 778 1922 facile
811 1857 912 1922 admit
898 1861 980 1922 ttam
1009 1879 1046 1922 ac
1074 1857 1125 1921 vel
1158 1857 1314 1924 libentius

168 1964 333 2028 credam
324 1987 359 2029 ιιι
387 1965 494 2050 priore
522 1969 634 2049 parte
643 1987 777 2030 scaenae
807 1964 848 2029 ad
876 1986 1025 2048 quamv.
1045 1966 1107 2030 381
1126 1987 1194 2050 sqq.
1218 1967 1313 2050 perti

168 2075 246 2152 nent
275 2062 403 2155 praeter
430 2070 684 2158 Lampadionem
712 2071 833 2141 Lanam
861 2071 962 2136 etiam
991 2069 1156 2159 egissem)
1185 2110 1225 2118 —
1251 2075 1314 2139 etsi

168 2179 320 2245 camillo
344 2201 439 2265 agere
463 2200 528 2244 non
552 2181 660 2264 potuit
684 2216 739 2264 -,
767 2183 877 2244 tamen
906 2178 1003 2243 verba
1030 2199 1093 2242 eoa
1114 2180 1198 2243 araim
1220 2179 1313 2246 baec

167 2285 227 2351 bic
262 2292 349 2351 sarit
387 2287 510 2351 limaces
541 2288 657 2352 liuidae
688 2309 712 2350 e.
743 2310 771 2371 q.
800 2310 824 2352 s.
853 2284 975 2349 Lanam
1013 2285 1051 2348 de
1087 2281 1313 2353 meretricibirs

169 2391 289 2457 dixisse
314 2393 399 2457 credi
422 2394 541 2478 nequit.
574 2393 654 2470 ¹Quo
679 2393 787 2478 aptius
811 2397 891 2476 puto
915 2413 975 2457 nos
998 2392 1156 2457 rationem
1180 2393 1315 2477 inscrip-

167 2497 266 2563 tionis
297 2499 382 2584 apud
404 2498 538 2564 Festum
567 2521 605 2564 ex
634 2500 743 2584 graeci
769 2499 962 2583 exemplaris
991 2499 1087 2565 titulo
1110 2521 1209 2583 supra
1232 2500 1328 2581 deri·‚

167 2603 329 2692 vesse(p.
349 2602 485 2693 VIIsq).

254 2711 401 2797 Denique
425 2713 470 2777 de
494 2716 645 2778 actuum
667 2712 949 2779 distributione
973 2715 1006 2778 in
1026 2714 1138 2779 fabula
1156 2715 1314 2782 lacunosa

165 2839 283 2903 anceps
302 2822 352 2883 est
369 2806 539 2885 iudicium:
559 2842 596 2885 ac
615 2841 680 2885 non
699 2821 795 2885 modo
810 2821 908 2907 vulgo
927 2820 1051 2886 lacunis
1069 2844 1135 2886 non
1153 2822 1312 2908 respectis

166 2925 306 3008 quinque
334 2917 424 2991 actus
455 2949 493 2990 ex
525 2930 617 3012 parte
645 2928 724 2991 satis
753 2927 930 3013 incongrue
960 2927 1223 3013 designaverant,
1254 2930 1311 2995 sed

167 3031 267 3096 etiam
290 3030 482 3119 Spengelius
509 3035 544 3099 in
561 3034 683 3100 .libello
707 3034 746 3100 de
775 3035 950 3100 comoediis
973 3034 1133 3099 Plautinis
1160 3036 1311 3102 inactus

165 3138 375 3205 discribondis
408 3163 439 3224 p.
461 3141 519 3224 48,
556 3141 617 3207 etsi
652 3141 686 3206 in
724 3141 795 3207 aliis
828 3142 978 3207 iudicium
1014 3142 1176 3225 retinuit,
1199 3147 1310 3208 tamen

167 3243 303 3312 alterum
328 3251 436 3313 actum
454 3248 581 3332 qualem
601 3248 735 3332 vulgata
754 3248 925 3313 coustituit
944 3248 1011 3314 suis
1030 3248 1209 3314 rationibus
1233 3273 1311 3335 pro·

167 3353 265 3420 bavit.
310 3352 402 3429 Quod
426 3376 464 3418 eo
487 3355 592 3438 magis
616 3355 797 3420 mirandum
820 3377 859 3419 ac
878 3354 1124 3439 vituperandum
1150 3350 1208 3435 est,
1231 3357 1311 3442 quia

162 3482 228 3525 non
253 3461 358 3525 solum
383 3459 585 3546 Ladewigius
609 3460 729 3526 dudum
752 3456 934 3528 coniecerat
961 3463 1012 3527 vel
1042 3463 1151 3547 potius
1179 3462 1309 3530 demon·

164 3570 327 3632 straverat
358 3570 434 3650 post
463 3568 604 3651 priorem
635 3568 842 3653 particulam·
862 3589 996 3635 scaenae
1020 3569 1094 3635 111
1125 3572 1308 3653 complures

163 3694 295 3765 scaenas
318 3671 586 3762 desiderarim),
609 3697 720 3740 rerum
749 3675 848 3740 etiam
872 3673 1109 3742 Studemundus
1134 3680 1307 3743 sexennis

193 3943 198 3951 ·
249 3873 277 3943 *)
297 3874 370 3942 Quin
394 3874 478 3931 etiam
502 3875 688 3932 Melaenidem
711 3894 729 3932 a
753 3876 832 3932 fusco
857 3875 985 3948 Syrisoae
1009 3879 1103 3933 colore
1129 3879 1306 3935 nominatam

163 3971 224 4009 esse
247 3953 403 4024 suspicatur
424 3954 585 4028 Vssingiua:
617 3957 692 4026 qnod
714 3956 798 4011 nihili
822 3974 883 4013 osse
907 3957 1102 4027 intellexisset,
1127 3959 1151 4012 ai
1176 3961 1307 4030 exempla

163 4034 246 4089 huius
264 4032 386 4089 nominis
403 4035 612 4128 formarumque
631 4033 812 4107 'cognatarum
833 4039 907 4107 apud
927 4039 1049 4094 Graecos
1068 4038 1244 4108 respexisset.

232 4114 281 4183 **)
300 4113 335 4170 V.
349 4119 401 4169 383
419 4134 502 4208 quem
520 4117 576 4188 ipsi
568 4115 680 4172 Lanae
699 4117 844 4173 tribuebat
858 4117 1042 4187 Ladewigius,
1062 4117 1156 4194 potuit
1171 4136 1238 4175 sanc
1253 4120 1305 4177 illa

161 4195 288 4266 profarre
311 4194 432 4250 etiam
424 4213 454 4251 ιιι
477 4194 577 4253 s'oaena
604 4199 802 4273 antecedente,
830 4216 893 4253 cum
917 4199 953 4253 ad
981 4198 1067 4252 filiam
1091 4199 1246 4271 Senemque
1272 4219 1305 4258 ex

161 4277 243 4331 domo
276 4275 435 4345 accederet,
467 4277 516 4332 ubi
543 4279 627 4349 paulo
657 4281 741 4337 ante
750 4276 889 4333 Selenium
916 4296 978 4334 earn
1008 4278 1038 4333 in
1063 4279 1181 4350 prandio
1210 4281 1303 4352 lepide
1335 4276 1342 4290 ⁸

161 4359 316 4425 acceperat.

212 4436 277 4507 ***.)
295 4436 374 4493 Idem
392 4435 540 4494 Benoistus
559 4437 713 4509 exposuit'
705 4455 735 4493 m
753 4437 877 4496 editione
895 4455 919 4496 a.
940 4444 1009 4494 1863
1028 4460 1054 4512 p.
1069 4440 1094 4495 V
1109 4454 1210 4510 sq·
