<?xml version="1.0" encoding="UTF-8"?>
<!DOCTYPE html PUBLIC "-//W3C//DTD XHTML 1.0 Transitional//EN"
    "http://www.w3.org/TR/xhtml1/DTD/xhtml1-transitional.dtd">
<html xmlns="http://www.w3.org/1999/xhtml" xml:lang="en" lang="en">
 <head>
  <title>
</title>
<meta http-equiv="Content-Type" content="text/html;charset=utf-8" />
  <meta name='ocr-system' content='tesseract 3.04.00' />
  <meta name='ocr-capabilities' content='ocr_page ocr_carea ocr_par ocr_line ocrx_word'/>
</head>
<body>
  <div class='ocr_page' id='page_1' title='image "./tmacciplauticom00schgoog_0179.png"; bbox 0 0 2956 5678; ppageno 0'>
   <div class='ocr_carea' id='block_1_1' title="bbox 161 347 802 413">
    <p class='ocr_par' dir='ltr' id='par_1_1' title="bbox 161 347 802 413">
     <span class='ocr_line' id='line_1_1' title="bbox 161 347 802 413; baseline -0.019 0"><span class='ocrx_word' id='word_1_1' title='bbox 161 349 225 413; x_wconf 86' lang='lat'>134</span> <span class='ocrx_word' id='word_1_2' title='bbox 669 347 802 402; x_wconf 82' lang='lat' dir='ltr'>PLAVTI</span> 
     </span>
    </p>
   </div>
   <div class='ocr_carea' id='block_1_2' title="bbox 718 507 744 560">
    <p class='ocr_par' dir='ltr' id='par_1_2' title="bbox 718 507 744 560">
     <span class='ocr_line' id='line_1_2' title="bbox 718 507 744 560; baseline 0 0"><span class='ocrx_word' id='word_1_3' title='bbox 718 507 744 560; x_wconf 92' lang='grc' dir='ltr'>Π</span> 
     </span>
    </p>
   </div>
   <div class='ocr_carea' id='block_1_3' title="bbox 161 617 964 719">
    <p class='ocr_par' dir='ltr' id='par_1_3' title="bbox 161 617 964 719">
     <span class='ocr_line' id='line_1_3' title="bbox 161 617 964 719; baseline -0.002 -36"><span class='ocrx_word' id='word_1_4' title='bbox 161 618 257 684; x_wconf 77' lang='lat' dir='ltr'>Haud</span> <span class='ocrx_word' id='word_1_5' title='bbox 283 617 374 704; x_wconf 83' lang='lat' dir='ltr'>fugio</span> <span class='ocrx_word' id='word_1_6' title='bbox 399 620 600 702; x_wconf 78' lang='lat' dir='ltr'>sequestrum</span> <span class='ocrx_word' id='word_1_7' title='bbox 623 675 640 684; x_wconf 88' lang='lat'>-</span> <span class='ocrx_word' id='word_1_8' title='bbox 658 657 677 685; x_wconf 65' lang='lat' dir='ltr'>n</span> <span class='ocrx_word' id='word_1_9' title='bbox 695 652 712 683; x_wconf 59' lang='grc' dir='ltr'><em>ι</em></span> <span class='ocrx_word' id='word_1_10' title='bbox 730 658 749 685; x_wconf 66' lang='lat' dir='ltr'>n</span> <span class='ocrx_word' id='word_1_11' title='bbox 766 676 784 685; x_wconf 84' lang='lat'>-</span> <span class='ocrx_word' id='word_1_12' title='bbox 800 657 819 684; x_wconf 67' lang='grc' dir='ltr'><strong>υ</strong></span> <span class='ocrx_word' id='word_1_13' title='bbox 837 651 855 684; x_wconf 59' lang='grc' dir='ltr'><em>ι</em></span> <span class='ocrx_word' id='word_1_14' title='bbox 872 657 891 683; x_wconf 64' lang='grc' dir='ltr'><strong>υ</strong></span> <span class='ocrx_word' id='word_1_15' title='bbox 908 673 926 682; x_wconf 92' lang='grc'><strong>-</strong></span> <span class='ocrx_word' id='word_1_16' title='bbox 949 690 964 719; x_wconf 45' lang='lat'>0</span> 
     </span>
    </p>
   </div>
   <div class='ocr_carea' id='block_1_4' title="bbox 715 773 753 826">
    <p class='ocr_par' dir='ltr' id='par_1_4' title="bbox 715 773 753 826">
     <span class='ocr_line' id='line_1_4' title="bbox 715 773 753 826; baseline 0.026 -1"><span class='ocrx_word' id='word_1_17' title='bbox 715 773 753 826; x_wconf 95' lang='lat' dir='ltr'>lII</span> 
     </span>
    </p>
   </div>
   <div class='ocr_carea' id='block_1_5' title="bbox 161 883 981 1076">
    <p class='ocr_par' dir='ltr' id='par_1_5' title="bbox 161 883 981 1076">
     <span class='ocr_line' id='line_1_5' title="bbox 161 883 893 968; baseline -0.003 -19"><span class='ocrx_word' id='word_1_18' title='bbox 161 883 275 950; x_wconf 84' lang='lat' dir='ltr'>Malim</span> <span class='ocrx_word' id='word_1_19' title='bbox 300 884 410 948; x_wconf 88' lang='lat' dir='ltr'>moriri</span> <span class='ocrx_word' id='word_1_20' title='bbox 436 885 524 947; x_wconf 79' lang='lat' dir='ltr'>mede</span> <span class='ocrx_word' id='word_1_21' title='bbox 549 906 645 968; x_wconf 80' lang='lat' dir='ltr'>quam</span> <span class='ocrx_word' id='word_1_22' title='bbox 671 883 893 948; x_wconf 73' lang='lat' dir='ltr'>mendiccirier:</span> 
     </span>
     <span class='ocr_line' id='line_1_6' title="bbox 162 989 981 1076; baseline -0.004 -19"><span class='ocrx_word' id='word_1_23' title='bbox 162 991 249 1057; x_wconf 85' lang='lat' dir='ltr'>Boni</span> <span class='ocrx_word' id='word_1_24' title='bbox 271 992 466 1057; x_wconf 74' lang='lat' dir='ltr'>miserantur</span> <span class='ocrx_word' id='word_1_25' title='bbox 489 989 598 1076; x_wconf 85' lang='lat' dir='ltr'>illum,</span> <span class='ocrx_word' id='word_1_26' title='bbox 622 991 708 1055; x_wconf 90' lang='lat' dir='ltr'>hunc</span> <span class='ocrx_word' id='word_1_27' title='bbox 731 990 872 1055; x_wconf 78' lang='lat' dir='ltr'>inrident</span> <span class='ocrx_word' id='word_1_28' title='bbox 894 991 981 1055; x_wconf 85' lang='lat' dir='ltr'>muli.</span> 
     </span>
    </p>
   </div>
   <div class='ocr_carea' id='block_1_6' title="bbox 163 1147 851 1341">
    <p class='ocr_par' dir='ltr' id='par_1_6' title="bbox 163 1147 851 1341">
     <span class='ocr_line' id='line_1_7' title="bbox 719 1147 757 1200; baseline 0 0"><span class='ocrx_word' id='word_1_29' title='bbox 719 1147 757 1200; x_wconf 90' lang='lat' dir='ltr'>IV</span> 
     </span>
     <span class='ocr_line' id='line_1_8' title="bbox 163 1256 851 1341; baseline 0 -19"><span class='ocrx_word' id='word_1_30' title='bbox 163 1258 214 1322; x_wconf 92' lang='lat' dir='ltr'>Ibi</span> <span class='ocrx_word' id='word_1_31' title='bbox 237 1261 275 1321; x_wconf 76' lang='lat' dir='ltr'>ct</span> <span class='ocrx_word' id='word_1_32' title='bbox 297 1258 460 1341; x_wconf 80' lang='lat' dir='ltr'>piscabar,</span> <span class='ocrx_word' id='word_1_33' title='bbox 484 1257 609 1322; x_wconf 75' lang='lat' dir='ltr'>fuscina</span> <span class='ocrx_word' id='word_1_34' title='bbox 632 1258 674 1322; x_wconf 88' lang='lat' dir='ltr'>ici</span> <span class='ocrx_word' id='word_1_35' title='bbox 697 1256 851 1322; x_wconf 79' lang='lat' dir='ltr'>nidulum.</span> 
     </span>
    </p>
   </div>
   <div class='ocr_carea' id='block_1_7' title="bbox 165 1431 952 1624">
    <p class='ocr_par' dir='ltr' id='par_1_7' title="bbox 165 1431 952 1624">
     <span class='ocr_line' id='line_1_9' title="bbox 722 1431 746 1483; baseline 0 0"><span class='ocrx_word' id='word_1_36' title='bbox 722 1431 746 1483; x_wconf 91' lang='lat' dir='ltr'>V</span> 
     </span>
     <span class='ocr_line' id='line_1_10' title="bbox 165 1541 952 1624; baseline -0.003 -18"><span class='ocrx_word' id='word_1_37' title='bbox 165 1541 247 1619; x_wconf 86' lang='lat' dir='ltr'>Quid</span> <span class='ocrx_word' id='word_1_38' title='bbox 271 1542 373 1606; x_wconf 73' lang='lat' dir='ltr'>multe</span> <span class='ocrx_word' id='word_1_39' title='bbox 395 1541 516 1605; x_wconf 81' lang='lat' dir='ltr'>uerba?</span> <span class='ocrx_word' id='word_1_40' title='bbox 539 1543 725 1624; x_wconf 79' lang='lat' dir='ltr'>plurumum</span> <span class='ocrx_word' id='word_1_41' title='bbox 749 1541 952 1606; x_wconf 78' lang='lat' dir='ltr'>luciduimus.</span> 
     </span>
    </p>
   </div>
   <div class='ocr_carea' id='block_1_8' title="bbox 720 1698 759 1750">
    <p class='ocr_par' dir='ltr' id='par_1_8' title="bbox 720 1698 759 1750">
     <span class='ocr_line' id='line_1_11' title="bbox 720 1698 759 1750; baseline 0 0"><span class='ocrx_word' id='word_1_42' title='bbox 720 1698 759 1750; x_wconf 89' lang='lat' dir='ltr'>Vl</span> 
     </span>
    </p>
   </div>
   <div class='ocr_carea' id='block_1_9' title="bbox 164 1807 878 1997">
    <p class='ocr_par' dir='ltr' id='par_1_9' title="bbox 164 1807 878 1997">
     <span class='ocr_line' id='line_1_12' title="bbox 165 1807 878 1892; baseline -0.001 -19"><span class='ocrx_word' id='word_1_43' title='bbox 165 1807 340 1892; x_wconf 83' lang='lat' dir='ltr'>Nescioqui</span> <span class='ocrx_word' id='word_1_44' title='bbox 364 1830 473 1872; x_wconf 84' lang='lat' dir='ltr'>seruos</span> <span class='ocrx_word' id='word_1_45' title='bbox 498 1811 554 1890; x_wconf 72' lang='lat' dir='ltr'>per</span> <span class='ocrx_word' id='word_1_46' title='bbox 578 1811 718 1891; x_wconf 84' lang='lat' dir='ltr'>myrteta</span> <span class='ocrx_word' id='word_1_47' title='bbox 742 1807 878 1891; x_wconf 80' lang='lat' dir='ltr'>prdsilit.</span> 
     </span>
     <span class='ocr_line' id='line_1_13' title="bbox 164 1913 849 1997; baseline 0.004 -18"><span class='ocrx_word' id='word_1_48' title='bbox 164 1915 254 1979; x_wconf 82' lang='lat' dir='ltr'>Haec</span> <span class='ocrx_word' id='word_1_49' title='bbox 277 1914 401 1997; x_wconf 61' lang='lat' dir='ltr'>mirtus</span> <span class='ocrx_word' id='word_1_50' title='bbox 425 1913 561 1978; x_wconf 83' lang='lat' dir='ltr'>Veneris</span> <span class='ocrx_word' id='word_1_51' title='bbox 585 1916 635 1977; x_wconf 76' lang='lat' dir='ltr'>est</span> <span class='ocrx_word' id='word_1_52' title='bbox 652 1956 671 1982; x_wconf 63' lang='grc' dir='ltr'><strong>υ</strong></span> <span class='ocrx_word' id='word_1_53' title='bbox 688 1974 705 1982; x_wconf 86' lang='grc'><strong>,</strong></span> <span class='ocrx_word' id='word_1_54' title='bbox 723 1955 742 1981; x_wconf 62' lang='grc' dir='ltr'><strong>υ</strong></span> <span class='ocrx_word' id='word_1_55' title='bbox 761 1949 776 1980; x_wconf 71' lang='grc' dir='ltr'><em>ι</em></span> <span class='ocrx_word' id='word_1_56' title='bbox 795 1956 814 1981; x_wconf 73' lang='grc' dir='ltr'><strong>υ</strong></span> <span class='ocrx_word' id='word_1_57' title='bbox 831 1974 849 1982; x_wconf 90' lang='grc'><strong>-</strong></span> 
     </span>
    </p>
   </div>
   <div class='ocr_carea' id='block_1_10' title="bbox 165 2034 976 2231">
    <p class='ocr_par' dir='ltr' id='par_1_10' title="bbox 165 2034 976 2231">
     <span class='ocr_line' id='line_1_14' title="bbox 710 2034 760 2088; baseline 0 -1"><span class='ocrx_word' id='word_1_58' title='bbox 710 2034 760 2088; x_wconf 81' lang='lat' dir='ltr'>vlt</span> 
     </span>
     <span class='ocr_line' id='line_1_15' title="bbox 165 2144 976 2231; baseline -0.002 -19"><span class='ocrx_word' id='word_1_59' title='bbox 165 2146 260 2212; x_wconf 92' lang='lat' dir='ltr'>Nunc</span> <span class='ocrx_word' id='word_1_60' title='bbox 283 2146 368 2227; x_wconf 69' lang='lat' dir='ltr'>spud</span> <span class='ocrx_word' id='word_1_61' title='bbox 393 2149 595 2231; x_wconf 84' lang='lat' dir='ltr'>sequestrum</span> <span class='ocrx_word' id='word_1_62' title='bbox 619 2144 764 2210; x_wconf 80' lang='lat' dir='ltr'>nidulum</span> <span class='ocrx_word' id='word_1_63' title='bbox 788 2144 976 2230; x_wconf 74' lang='lat' dir='ltr'>possuimus.</span> 
     </span>
    </p>
   </div>
   <div class='ocr_carea' id='block_1_11' title="bbox 170 2293 377 2300">
    <p class='ocr_par' dir='ltr' id='par_1_11' title="bbox 170 2293 377 2300">
     <span class='ocr_line' id='line_1_16' title="bbox 170 2293 377 2300; baseline -0.01 0"><span class='ocrx_word' id='word_1_64' title='bbox 170 2293 243 2300; x_wconf 83' lang='grc'>.-.-.-.</span> <span class='ocrx_word' id='word_1_65' title='bbox 261 2294 266 2299; x_wconf 93' lang='grc'>.</span> <span class='ocrx_word' id='word_1_66' title='bbox 285 2293 377 2298; x_wconf 51' lang='grc' dir='ltr'><strong>...υ-</strong></span> 
     </span>
    </p>
   </div>
   <div class='ocr_carea' id='block_1_12' title="bbox 160 2373 1278 4519">
    <p class='ocr_par' dir='ltr' id='par_1_12' title="bbox 167 2373 1278 2605">
     <span class='ocr_line' id='line_1_17' title="bbox 257 2373 1278 2445; baseline -0.004 -14"><span class='ocrx_word' id='word_1_67' title='bbox 257 2382 300 2431; x_wconf 75' lang='grc'>95.</span> <span class='ocrx_word' id='word_1_68' title='bbox 322 2376 441 2445; x_wconf 69' lang='lat' dir='ltr'>Gemini</span> <span class='ocrx_word' id='word_1_69' title='bbox 459 2377 508 2429; x_wconf 83' lang='lat' dir='ltr'>dul</span> <span class='ocrx_word' id='word_1_70' title='bbox 527 2375 732 2429; x_wconf 79' lang='lat' dir='ltr'>Studemundus</span> <span class='ocrx_word' id='word_1_71' title='bbox 749 2376 909 2429; x_wconf 70' lang='lat' dir='ltr'><strong><em>dubitanter</em></strong></span> <span class='ocrx_word' id='word_1_72' title='bbox 981 2375 1064 2429; x_wconf 75' lang='lat' dir='ltr'>Haud</span> <span class='ocrx_word' id='word_1_73' title='bbox 1087 2377 1129 2431; x_wconf 74' lang='lat' dir='ltr'>eei</span> <span class='ocrx_word' id='word_1_74' title='bbox 1147 2373 1223 2429; x_wconf 82' lang='lat' dir='ltr'>Haut</span> <span class='ocrx_word' id='word_1_75' title='bbox 1244 2374 1278 2427; x_wconf 74' lang='lat' dir='ltr'>lu</span> 
     </span>
     <span class='ocr_line' id='line_1_18' title="bbox 167 2453 1278 2523; baseline -0.006 -10"><span class='ocrx_word' id='word_1_76' title='bbox 167 2459 310 2513; x_wconf 71' lang='lat' dir='ltr'><strong><em>Prisciani</em></strong></span> <span class='ocrx_word' id='word_1_77' title='bbox 381 2455 421 2509; x_wconf 83' lang='grc' dir='ltr'>ΙΙΙ</span> <span class='ocrx_word' id='word_1_78' title='bbox 441 2455 553 2509; x_wconf 79' lang='lat' dir='ltr'>Nouius</span> <span class='ocrx_word' id='word_1_79' title='bbox 568 2459 670 2523; x_wconf 83' lang='lat' dir='ltr'><strong><em>p.138,</em></strong></span> <span class='ocrx_word' id='word_1_80' title='bbox 683 2458 734 2509; x_wconf 84' lang='lat'>23.-</span> <span class='ocrx_word' id='word_1_81' title='bbox 748 2453 934 2508; x_wconf 85' lang='lat' dir='ltr'>Mendicurier</span> <span class='ocrx_word' id='word_1_82' title='bbox 948 2470 999 2523; x_wconf 87' lang='lat' dir='ltr'>pro</span> <span class='ocrx_word' id='word_1_83' title='bbox 1013 2455 1175 2510; x_wconf 72' lang='lat' dir='ltr'>mendicare</span> <span class='ocrx_word' id='word_1_84' title='bbox 1193 2456 1222 2508; x_wconf 83' lang='lat' dir='ltr'>et</span> <span class='ocrx_word' id='word_1_85' title='bbox 1234 2471 1278 2508; x_wconf 82' lang='lat' dir='ltr'>me</span> 
     </span>
     <span class='ocr_line' id='line_1_19' title="bbox 167 2533 1274 2605; baseline -0.003 -14"><span class='ocrx_word' id='word_1_86' title='bbox 167 2537 327 2592; x_wconf 86' lang='lat' dir='ltr'>dicabulum</span> <span class='ocrx_word' id='word_1_87' title='bbox 351 2554 402 2605; x_wconf 83' lang='lat' dir='ltr'>pro</span> <span class='ocrx_word' id='word_1_88' title='bbox 426 2533 643 2589; x_wconf 77' lang='lat' dir='ltr'>mendicatione.</span> <span class='ocrx_word' id='word_1_89' title='bbox 679 2534 796 2588; x_wconf 81' lang='lat' dir='ltr'>Plautus</span> <span class='ocrx_word' id='word_1_90' title='bbox 820 2533 979 2589; x_wconf 81' lang='lat' dir='ltr'>Viduluriu:</span> <span class='ocrx_word' id='word_1_91' title='bbox 1004 2534 1137 2590; x_wconf 74' lang='lat' dir='ltr'>‘Malim</span> <span class='ocrx_word' id='word_1_92' title='bbox 1211 2534 1274 2588; x_wconf 80' lang='lat' dir='ltr'>mul</span> 
     </span>
    </p>

    <p class='ocr_par' dir='ltr' id='par_1_13' title="bbox 166 2613 1278 4122">
     <span class='ocr_line' id='line_1_20' title="bbox 240 2613 1278 2684; baseline -0.004 -13"><span class='ocrx_word' id='word_1_93' title='bbox 240 2624 282 2671; x_wconf 86' lang='grc'>96.</span> <span class='ocrx_word' id='word_1_94' title='bbox 301 2615 405 2670; x_wconf 82' lang='lat' dir='ltr'>melum</span> <span class='ocrx_word' id='word_1_95' title='bbox 427 2616 465 2668; x_wconf 85' lang='lat' dir='ltr'>L¹</span> <span class='ocrx_word' id='word_1_96' title='bbox 538 2615 697 2669; x_wconf 81' lang='lat' dir='ltr'>mendicare</span> <span class='ocrx_word' id='word_1_97' title='bbox 716 2614 743 2668; x_wconf 86' lang='lat' dir='ltr'><strong><em>L</em></strong></span> <span class='ocrx_word' id='word_1_98' title='bbox 814 2621 857 2670; x_wconf 80' lang='grc'>97.</span> <span class='ocrx_word' id='word_1_99' title='bbox 881 2615 929 2669; x_wconf 84' lang='lat' dir='ltr'>Ita</span> <span class='ocrx_word' id='word_1_100' title='bbox 950 2613 1130 2684; x_wconf 74' lang='lat' dir='ltr'>Quichcratus</span> <span class='ocrx_word' id='word_1_101' title='bbox 1149 2615 1278 2671; x_wconf 76' lang='lat' dir='ltr'>Sludemu</span> 
     </span>
     <span class='ocr_line' id='line_1_21' title="bbox 168 2693 1278 2766; baseline -0.003 -14"><span class='ocrx_word' id='word_1_102' title='bbox 168 2700 271 2766; x_wconf 77' lang='lat' dir='ltr'>(iusque</span> <span class='ocrx_word' id='word_1_103' title='bbox 289 2698 356 2750; x_wconf 81' lang='lat' dir='ltr'>duce</span> <span class='ocrx_word' id='word_1_104' title='bbox 375 2695 473 2763; x_wconf 82' lang='lat' dir='ltr'>Lipsio</span> <span class='ocrx_word' id='word_1_105' title='bbox 498 2695 579 2764; x_wconf 89' lang='lat' dir='ltr'>(Boni</span> <span class='ocrx_word' id='word_1_106' title='bbox 604 2695 641 2748; x_wconf 90' lang='lat' dir='ltr'>im</span> <span class='ocrx_word' id='word_1_107' title='bbox 661 2694 841 2763; x_wconf 80' lang='lat' dir='ltr'>miserantur,</span> <span class='ocrx_word' id='word_1_108' title='bbox 864 2694 952 2748; x_wconf 87' lang='lat' dir='ltr'>illunc</span> <span class='ocrx_word' id='word_1_109' title='bbox 975 2693 1094 2749; x_wconf 84' lang='lat' dir='ltr'>irrident</span> <span class='ocrx_word' id='word_1_110' title='bbox 1116 2695 1205 2763; x_wconf 77' lang='lat' dir='ltr'>muli).</span> <span class='ocrx_word' id='word_1_111' title='bbox 1240 2695 1278 2749; x_wconf 87' lang='lat' dir='ltr'>Bo</span> 
     </span>
     <span class='ocr_line' id='line_1_22' title="bbox 168 2773 1272 2843; baseline -0.003 -12"><span class='ocrx_word' id='word_1_112' title='bbox 168 2775 363 2831; x_wconf 79' lang='lat' dir='ltr'>ministrantur</span> <span class='ocrx_word' id='word_1_113' title='bbox 381 2774 459 2828; x_wconf 89' lang='lat' dir='ltr'>illum</span> <span class='ocrx_word' id='word_1_114' title='bbox 479 2791 552 2829; x_wconf 89' lang='lat' dir='ltr'>nunc</span> <span class='ocrx_word' id='word_1_115' title='bbox 571 2773 688 2828; x_wconf 88' lang='lat' dir='ltr'>irrident</span> <span class='ocrx_word' id='word_1_116' title='bbox 706 2773 841 2841; x_wconf 81' lang='lat' dir='ltr'>(inrident</span> <span class='ocrx_word' id='word_1_117' title='bbox 854 2774 904 2842; x_wconf 67' lang='lat'>11¹)</span> <span class='ocrx_word' id='word_1_118' title='bbox 923 2773 991 2829; x_wconf 82' lang='lat' dir='ltr'>mali</span> <span class='ocrx_word' id='word_1_119' title='bbox 1010 2776 1113 2831; x_wconf 80' lang='lat' dir='ltr'>codices</span> <span class='ocrx_word' id='word_1_120' title='bbox 1131 2775 1222 2830; x_wconf 76' lang='lat' dir='ltr'>Nonii</span> <span class='ocrx_word' id='word_1_121' title='bbox 1238 2775 1272 2843; x_wconf 72' lang='lat'>(⁶)</span> 
     </span>
     <span class='ocr_line' id='line_1_23' title="bbox 168 2854 1278 2924; baseline -0.002 -15"><span class='ocrx_word' id='word_1_122' title='bbox 168 2856 208 2909; x_wconf 90' lang='lat' dir='ltr'>IV</span> <span class='ocrx_word' id='word_1_123' title='bbox 226 2857 338 2909; x_wconf 74' lang='lat' dir='ltr'>Neuius</span> <span class='ocrx_word' id='word_1_124' title='bbox 357 2859 465 2924; x_wconf 66' lang='lat'><em>12123,</em></span> <span class='ocrx_word' id='word_1_125' title='bbox 480 2861 532 2910; x_wconf 73' lang='lat'><strong><em>32.-</em></strong></span> <span class='ocrx_word' id='word_1_126' title='bbox 555 2854 607 2909; x_wconf 89' lang='lat' dir='ltr'>lcit</span> <span class='ocrx_word' id='word_1_127' title='bbox 630 2854 772 2923; x_wconf 78' lang='lat' dir='ltr'>significet</span> <span class='ocrx_word' id='word_1_128' title='bbox 790 2854 923 2923; x_wconf 86' lang='lat' dir='ltr'>percutit,</span> <span class='ocrx_word' id='word_1_129' title='bbox 947 2854 984 2907; x_wconf 84' lang='lat' dir='ltr'>ub</span> <span class='ocrx_word' id='word_1_130' title='bbox 1010 2855 1076 2909; x_wconf 89' lang='lat' dir='ltr'>ictu.</span> <span class='ocrx_word' id='word_1_131' title='bbox 1114 2854 1278 2909; x_wconf 79' lang='lat' dir='ltr'>Plautus..</span> 
     </span>
     <span class='ocr_line' id='line_1_24' title="bbox 169 2933 1278 3004; baseline -0.001 -15"><span class='ocrx_word' id='word_1_132' title='bbox 169 2936 243 2990; x_wconf 86' lang='lat' dir='ltr'>idem</span> <span class='ocrx_word' id='word_1_133' title='bbox 263 2934 421 2989; x_wconf 80' lang='lat' dir='ltr'>Viduluria:</span> <span class='ocrx_word' id='word_1_134' title='bbox 443 2934 528 2989; x_wconf 80' lang='lat' dir='ltr'>‘Ibi‚</span> <span class='ocrx_word' id='word_1_135' title='bbox 544 2977 550 2990; x_wconf 93' lang='lat'>.</span> <span class='ocrx_word' id='word_1_136' title='bbox 566 2935 751 2990; x_wconf 87' lang='lat' dir='ltr'>.uidulnm’</span> <span class='ocrx_word' id='word_1_137' title='bbox 862 2939 904 2987; x_wconf 81' lang='lat'>98.</span> <span class='ocrx_word' id='word_1_138' title='bbox 923 2933 961 2986; x_wconf 83' lang='lat' dir='ltr'>ici</span> <span class='ocrx_word' id='word_1_139' title='bbox 980 2935 1057 3003; x_wconf 77' lang='lat' dir='ltr'>apud</span> <span class='ocrx_word' id='word_1_140' title='bbox 1075 2934 1201 2989; x_wconf 77' lang='lat' dir='ltr'>Nonium</span> <span class='ocrx_word' id='word_1_141' title='bbox 1218 2935 1278 3004; x_wconf 65' lang='lat' dir='ltr'>indu</span> 
     </span>
     <span class='ocr_line' id='line_1_25' title="bbox 168 3013 1278 3083; baseline -0.002 -13"><span class='ocrx_word' id='word_1_142' title='bbox 168 3023 223 3070; x_wconf 81' lang='lat' dir='ltr'>tur.</span> <span class='ocrx_word' id='word_1_143' title='bbox 252 3013 308 3069; x_wconf 90' lang='lat' dir='ltr'>uici</span> <span class='ocrx_word' id='word_1_144' title='bbox 327 3016 364 3083; x_wconf 89' lang='lat' dir='ltr'>(ci</span> <span class='ocrx_word' id='word_1_145' title='bbox 383 3016 413 3068; x_wconf 79' lang='lat' dir='ltr'>iu</span> <span class='ocrx_word' id='word_1_146' title='bbox 432 3032 486 3069; x_wconf 80' lang='lat' dir='ltr'>res.</span> <span class='ocrx_word' id='word_1_147' title='bbox 503 3015 535 3067; x_wconf 88' lang='lat' dir='ltr'><em>H</em></span> <span class='ocrx_word' id='word_1_148' title='bbox 540 3015 560 3081; x_wconf 83' lang='grc'>1)</span> <span class='ocrx_word' id='word_1_149' title='bbox 579 3016 681 3068; x_wconf 81' lang='lat' dir='ltr'>codices</span> <span class='ocrx_word' id='word_1_150' title='bbox 699 3015 789 3068; x_wconf 77' lang='lat' dir='ltr'>Nouii</span> <span class='ocrx_word' id='word_1_151' title='bbox 891 3014 916 3065; x_wconf 91' lang='lat' dir='ltr'><strong>V</strong></span> <span class='ocrx_word' id='word_1_152' title='bbox 934 3014 1046 3067; x_wconf 69' lang='lat' dir='ltr'>dionius</span> <span class='ocrx_word' id='word_1_153' title='bbox 1060 3030 1090 3083; x_wconf 73' lang='lat' dir='ltr'>p.</span> <span class='ocrx_word' id='word_1_154' title='bbox 1104 3018 1172 3082; x_wconf 74' lang='lat'><em>468,</em></span> <span class='ocrx_word' id='word_1_155' title='bbox 1187 3015 1278 3069; x_wconf 75' lang='lat'>33:12</span> 
     </span>
     <span class='ocr_line' id='line_1_26' title="bbox 169 3092 1264 3164; baseline 0 -15"><span class='ocrx_word' id='word_1_156' title='bbox 169 3095 285 3162; x_wconf 81' lang='lat' dir='ltr'>luciani,</span> <span class='ocrx_word' id='word_1_157' title='bbox 308 3112 359 3164; x_wconf 87' lang='lat' dir='ltr'>pro</span> <span class='ocrx_word' id='word_1_158' title='bbox 383 3094 542 3149; x_wconf 78' lang='lat' dir='ltr'>delectatus</span> <span class='ocrx_word' id='word_1_159' title='bbox 561 3113 630 3148; x_wconf 81' lang='lat' dir='ltr'>sum.</span> <span class='ocrx_word' id='word_1_160' title='bbox 650 3092 893 3151; x_wconf 80' lang='lat' dir='ltr'>Plautus...idem</span> <span class='ocrx_word' id='word_1_161' title='bbox 913 3093 941 3146; x_wconf 90' lang='lat' dir='ltr'>in</span> <span class='ocrx_word' id='word_1_162' title='bbox 960 3092 1120 3149; x_wconf 83' lang='lat' dir='ltr'>Viduluriu:</span> <span class='ocrx_word' id='word_1_163' title='bbox 1146 3093 1264 3160; x_wconf 72' lang='lat' dir='ltr'>‘Quid</span> 
     </span>
     <span class='ocr_line' id='line_1_27' title="bbox 170 3172 1278 3243; baseline 0.001 -14"><span class='ocrx_word' id='word_1_164' title='bbox 170 3175 394 3229; x_wconf 79' lang='lat' dir='ltr'>luctauimue&#39;</span> <span class='ocrx_word' id='word_1_165' title='bbox 484 3182 526 3229; x_wconf 86' lang='grc'>99.</span> <span class='ocrx_word' id='word_1_166' title='bbox 555 3175 704 3243; x_wconf 89' lang='lat' dir='ltr'>plurimum</span> <span class='ocrx_word' id='word_1_167' title='bbox 734 3176 837 3228; x_wconf 80' lang='lat' dir='ltr'>codices</span> <span class='ocrx_word' id='word_1_168' title='bbox 865 3174 955 3227; x_wconf 79' lang='lat' dir='ltr'>Nonii</span> <span class='ocrx_word' id='word_1_169' title='bbox 1045 3172 1084 3227; x_wconf 85' lang='lat' dir='ltr'>VI</span> <span class='ocrx_word' id='word_1_170' title='bbox 1112 3174 1278 3229; x_wconf 62' lang='lat' dir='ltr'>Priscianus</span> 
     </span>
     <span class='ocr_line' id='line_1_28' title="bbox 170 3253 1266 3324; baseline 0 -15"><span class='ocrx_word' id='word_1_171' title='bbox 170 3255 214 3322; x_wconf 80' lang='lat' dir='ltr'>(G.</span> <span class='ocrx_word' id='word_1_172' title='bbox 225 3255 259 3309; x_wconf 84' lang='lat' dir='ltr'>L.</span> <span class='ocrx_word' id='word_1_173' title='bbox 270 3255 322 3324; x_wconf 89' lang='grc' dir='ltr'>ΙΙ)</span> <span class='ocrx_word' id='word_1_174' title='bbox 336 3273 362 3323; x_wconf 84' lang='lat' dir='ltr'>p.</span> <span class='ocrx_word' id='word_1_175' title='bbox 371 3259 434 3321; x_wconf 81' lang='lat'><strong><em>123,</em></strong></span> <span class='ocrx_word' id='word_1_176' title='bbox 448 3261 513 3310; x_wconf 80' lang='lat'><em>26:.</em></span> <span class='ocrx_word' id='word_1_177' title='bbox 526 3300 531 3311; x_wconf 92' lang='lat'><em>.</em></span> <span class='ocrx_word' id='word_1_178' title='bbox 544 3258 715 3323; x_wconf 77' lang='lat' dir='ltr'>myrtetum,</span> <span class='ocrx_word' id='word_1_179' title='bbox 735 3253 863 3323; x_wconf 83' lang='lat' dir='ltr'>quamuis</span> <span class='ocrx_word' id='word_1_180' title='bbox 883 3253 1016 3308; x_wconf 82' lang='lat' dir='ltr'>feminino</span> <span class='ocrx_word' id='word_1_181' title='bbox 1035 3270 1138 3322; x_wconf 82' lang='lat' dir='ltr'>genere</span> <span class='ocrx_word' id='word_1_182' title='bbox 1154 3255 1266 3309; x_wconf 73' lang='lat' dir='ltr'>Plautus</span> 
     </span>
     <span class='ocr_line' id='line_1_29' title="bbox 169 3331 1275 3402; baseline -0.001 -13"><span class='ocrx_word' id='word_1_183' title='bbox 169 3334 316 3390; x_wconf 77' lang='lat' dir='ltr'>Vidulnria</span> <span class='ocrx_word' id='word_1_184' title='bbox 340 3337 392 3402; x_wconf 79' lang='lat' dir='ltr'>(ita</span> <span class='ocrx_word' id='word_1_185' title='bbox 414 3336 456 3389; x_wconf 85' lang='lat' dir='ltr'>vel</span> <span class='ocrx_word' id='word_1_186' title='bbox 482 3334 619 3389; x_wconf 78' lang='lat' dir='ltr'>uiculurin</span> <span class='ocrx_word' id='word_1_187' title='bbox 640 3335 681 3388; x_wconf 80' lang='lat' dir='ltr'>ecl</span> <span class='ocrx_word' id='word_1_188' title='bbox 704 3334 837 3388; x_wconf 69' lang='lat' dir='ltr'>uit-ularii</span> <span class='ocrx_word' id='word_1_189' title='bbox 858 3335 900 3388; x_wconf 82' lang='lat' dir='ltr'>ccl</span> <span class='ocrx_word' id='word_1_190' title='bbox 917 3331 1057 3388; x_wconf 83' lang='lat' dir='ltr'>uidulurio</span> <span class='ocrx_word' id='word_1_191' title='bbox 1076 3334 1205 3402; x_wconf 80' lang='lat' dir='ltr'>codices).·</span> <span class='ocrx_word' id='word_1_192' title='bbox 1232 3333 1275 3388; x_wconf 78' lang='lat' dir='ltr'>‘N</span> 
     </span>
     <span class='ocr_line' id='line_1_30' title="bbox 168 3413 1278 3484; baseline -0.001 -17"><span class='ocrx_word' id='word_1_193' title='bbox 168 3413 240 3468; x_wconf 83' lang='lat' dir='ltr'>ecio</span> <span class='ocrx_word' id='word_1_194' title='bbox 264 3413 334 3483; x_wconf 89' lang='lat' dir='ltr'>qui.</span> <span class='ocrx_word' id='word_1_195' title='bbox 350 3455 355 3467; x_wconf 88' lang='lat'>.</span> <span class='ocrx_word' id='word_1_196' title='bbox 372 3413 567 3482; x_wconf 83' lang='lat' dir='ltr'>,prosiluit&#39;</span> <span class='ocrx_word' id='word_1_197' title='bbox 654 3415 808 3484; x_wconf 68' lang='lat' dir='ltr'>Porphyrio</span> <span class='ocrx_word' id='word_1_198' title='bbox 827 3417 858 3467; x_wconf 82' lang='lat' dir='ltr'>in</span> <span class='ocrx_word' id='word_1_199' title='bbox 873 3414 943 3468; x_wconf 78' lang='lat' dir='ltr'>Hor.</span> <span class='ocrx_word' id='word_1_200' title='bbox 958 3430 1039 3469; x_wconf 78' lang='lat' dir='ltr'>curm.</span> <span class='ocrx_word' id='word_1_201' title='bbox 1055 3414 1077 3466; x_wconf 93' lang='lat' dir='ltr'><strong><em>I</em></strong></span> <span class='ocrx_word' id='word_1_202' title='bbox 1089 3418 1134 3482; x_wconf 84' lang='lat'>38,</span> <span class='ocrx_word' id='word_1_203' title='bbox 1149 3419 1179 3469; x_wconf 81' lang='grc'>7.·</span> <span class='ocrx_word' id='word_1_204' title='bbox 1197 3414 1278 3468; x_wconf 74' lang='lat' dir='ltr'>Plani</span> 
     </span>
     <span class='ocr_line' id='line_1_31' title="bbox 167 3491 1278 3561; baseline 0 -13"><span class='ocrx_word' id='word_1_205' title='bbox 167 3495 198 3548; x_wconf 90' lang='lat' dir='ltr'>in</span> <span class='ocrx_word' id='word_1_206' title='bbox 225 3493 372 3548; x_wconf 82' lang='lat' dir='ltr'>Viduluriu</span> <span class='ocrx_word' id='word_1_207' title='bbox 400 3493 439 3560; x_wconf 87' lang='lat' dir='ltr'>(in</span> <span class='ocrx_word' id='word_1_208' title='bbox 468 3493 606 3547; x_wconf 78' lang='lat' dir='ltr'>aulularia</span> <span class='ocrx_word' id='word_1_209' title='bbox 633 3496 791 3548; x_wconf 75' lang='lat' dir='ltr'>recentiores</span> <span class='ocrx_word' id='word_1_210' title='bbox 823 3495 937 3561; x_wconf 78' lang='lat' dir='ltr'>cedices)</span> <span class='ocrx_word' id='word_1_211' title='bbox 972 3495 1094 3560; x_wconf 79' lang='lat' dir='ltr'>myrtum</span> <span class='ocrx_word' id='word_1_212' title='bbox 1122 3496 1153 3548; x_wconf 81' lang='lat' dir='ltr'>et</span> <span class='ocrx_word' id='word_1_213' title='bbox 1178 3491 1278 3549; x_wconf 82' lang='lat' dir='ltr'>femini</span> 
     </span>
     <span class='ocr_line' id='line_1_32' title="bbox 168 3572 1276 3644; baseline -0.001 -16"><span class='ocrx_word' id='word_1_214' title='bbox 168 3591 270 3644; x_wconf 85' lang='lat' dir='ltr'>genere</span> <span class='ocrx_word' id='word_1_215' title='bbox 295 3577 324 3629; x_wconf 90' lang='lat' dir='ltr'>et</span> <span class='ocrx_word' id='word_1_216' title='bbox 342 3574 442 3628; x_wconf 87' lang='lat' dir='ltr'>neutro</span> <span class='ocrx_word' id='word_1_217' title='bbox 461 3572 544 3627; x_wconf 80' lang='lat' dir='ltr'>dixit:</span> <span class='ocrx_word' id='word_1_218' title='bbox 569 3573 702 3627; x_wconf 88' lang='lat' dir='ltr'>feminino</span> <span class='ocrx_word' id='word_1_219' title='bbox 723 3575 775 3628; x_wconf 81' lang='lat' dir='ltr'>sic:</span> <span class='ocrx_word' id='word_1_220' title='bbox 801 3574 874 3628; x_wconf 82' lang='lat' dir='ltr'>‘Per</span> <span class='ocrx_word' id='word_1_221' title='bbox 893 3575 1042 3641; x_wconf 76' lang='lat' dir='ltr'>myrteta</span> <span class='ocrx_word' id='word_1_222' title='bbox 1059 3573 1233 3642; x_wconf 78' lang='lat' dir='ltr'>prosiluit.</span> <span class='ocrx_word' id='word_1_223' title='bbox 1256 3572 1276 3644; x_wconf 91' lang='lat'>[</span> 
     </span>
     <span class='ocr_line' id='line_1_33' title="bbox 166 3652 1278 3723; baseline -0.003 -15"><span class='ocrx_word' id='word_1_224' title='bbox 166 3655 250 3708; x_wconf 81' lang='lat' dir='ltr'>haec</span> <span class='ocrx_word' id='word_1_225' title='bbox 274 3655 402 3722; x_wconf 78' lang='lat' dir='ltr'>myrtus</span> <span class='ocrx_word' id='word_1_226' title='bbox 422 3652 567 3707; x_wconf 82' lang='lat' dir='ltr'>Veneris</span> <span class='ocrx_word' id='word_1_227' title='bbox 590 3653 658 3706; x_wconf 84' lang='lat' dir='ltr'>eet’.</span> <span class='ocrx_word' id='word_1_228' title='bbox 687 3654 756 3707; x_wconf 88' lang='lat' dir='ltr'>huec</span> <span class='ocrx_word' id='word_1_229' title='bbox 775 3658 881 3723; x_wconf 78' lang='lat' dir='ltr'>myrtus</span> <span class='ocrx_word' id='word_1_230' title='bbox 901 3653 1018 3707; x_wconf 79' lang='lat' dir='ltr'>ethaeo</span> <span class='ocrx_word' id='word_1_231' title='bbox 1037 3653 1278 3721; x_wconf 79' lang='lat' dir='ltr'>myrtetu†n0m</span> 
     </span>
     <span class='ocr_line' id='line_1_34' title="bbox 167 3730 1277 3802; baseline 0.001 -16"><span class='ocrx_word' id='word_1_232' title='bbox 167 3734 270 3802; x_wconf 84' lang='lat' dir='ltr'>(locum</span> <span class='ocrx_word' id='word_1_233' title='bbox 285 3733 362 3790; x_wconf 76' lang='lat' dir='ltr'>codd.</span> <span class='ocrx_word' id='word_1_234' title='bbox 378 3733 442 3799; x_wconf 88' lang='lat' dir='ltr'>rcc.)</span> <span class='ocrx_word' id='word_1_235' title='bbox 458 3730 598 3799; x_wconf 83' lang='lat' dir='ltr'>significat</span> <span class='ocrx_word' id='word_1_236' title='bbox 662 3736 712 3786; x_wconf 90' lang='grc'>100</span> <span class='ocrx_word' id='word_1_237' title='bbox 723 3749 763 3800; x_wconf 83' lang='lat' dir='ltr'>sq.</span> <span class='ocrx_word' id='word_1_238' title='bbox 785 3733 885 3786; x_wconf 80' lang='lat' dir='ltr'>Nescio</span> <span class='ocrx_word' id='word_1_239' title='bbox 901 3732 949 3800; x_wconf 89' lang='lat' dir='ltr'>qui</span> <span class='ocrx_word' id='word_1_240' title='bbox 964 3731 1038 3801; x_wconf 81' lang='lat' dir='ltr'>(quie</span> <span class='ocrx_word' id='word_1_241' title='bbox 1049 3731 1144 3785; x_wconf 78' lang='lat' dir='ltr'>LKdli</span> <span class='ocrx_word' id='word_1_242' title='bbox 1159 3732 1277 3787; x_wconf 67' lang='lat' dir='ltr'>Pri-scia</span> 
     </span>
     <span class='ocr_line' id='line_1_35' title="bbox 166 3811 1278 3880; baseline -0.003 -13"><span class='ocrx_word' id='word_1_243' title='bbox 166 3814 232 3867; x_wconf 82' lang='lat' dir='ltr'>libri</span> <span class='ocrx_word' id='word_1_244' title='bbox 304 3829 400 3866; x_wconf 83' lang='lat' dir='ltr'>seruus</span> <span class='ocrx_word' id='word_1_245' title='bbox 425 3813 527 3865; x_wconf 76' lang='lat' dir='ltr'>cedices</span> <span class='ocrx_word' id='word_1_246' title='bbox 597 3828 648 3880; x_wconf 87' lang='lat' dir='ltr'>per</span> <span class='ocrx_word' id='word_1_247' title='bbox 672 3813 793 3879; x_wconf 83' lang='lat' dir='ltr'>myrteta</span> <span class='ocrx_word' id='word_1_248' title='bbox 814 3813 976 3880; x_wconf 73' lang='lat' dir='ltr'>Porphyrii).</span> <span class='ocrx_word' id='word_1_249' title='bbox 1002 3811 1159 3878; x_wconf 78' lang='lat' dir='ltr'>emyrtetu</span> <span class='ocrx_word' id='word_1_250' title='bbox 1177 3812 1228 3875; x_wconf 79' lang='lat' dir='ltr'>(vel</span> <span class='ocrx_word' id='word_1_251' title='bbox 1243 3828 1278 3864; x_wconf 85' lang='lat' dir='ltr'>m</span> 
     </span>
     <span class='ocr_line' id='line_1_36' title="bbox 168 3890 1278 3961; baseline 0.001 -17"><span class='ocrx_word' id='word_1_252' title='bbox 168 3895 237 3958; x_wconf 84' lang='lat' dir='ltr'>tete)</span> <span class='ocrx_word' id='word_1_253' title='bbox 267 3893 443 3947; x_wconf 77' lang='lat' dir='ltr'>Priscianus:</span> <span class='ocrx_word' id='word_1_254' title='bbox 471 3908 523 3960; x_wconf 76' lang='lat' dir='ltr'>quo</span> <span class='ocrx_word' id='word_1_255' title='bbox 542 3893 574 3945; x_wconf 73' lang='lat' dir='ltr'>cle</span> <span class='ocrx_word' id='word_1_256' title='bbox 593 3909 652 3946; x_wconf 83' lang='lat' dir='ltr'>cum</span> <span class='ocrx_word' id='word_1_257' title='bbox 672 3892 835 3945; x_wconf 71' lang='lat' dir='ltr'>Stoicasscro</span> <span class='ocrx_word' id='word_1_258' title='bbox 863 3892 943 3944; x_wconf 66' lang='lat' dir='ltr'>Stud.</span> <span class='ocrx_word' id='word_1_259' title='bbox 974 3890 1092 3945; x_wconf 79' lang='lat' dir='ltr'>Vindob.</span> <span class='ocrx_word' id='word_1_260' title='bbox 1121 3891 1190 3946; x_wconf 87' lang='lat' dir='ltr'>XII</span> <span class='ocrx_word' id='word_1_261' title='bbox 1210 3909 1238 3961; x_wconf 75' lang='lat' dir='ltr'>p.</span> <span class='ocrx_word' id='word_1_262' title='bbox 1252 3894 1278 3945; x_wconf 80' lang='lat'>1</span> 
     </span>
     <span class='ocr_line' id='line_1_37' title="bbox 166 3970 1262 4041; baseline -0.001 -15"><span class='ocrx_word' id='word_1_263' title='bbox 166 3973 261 4026; x_wconf 80' lang='lat' dir='ltr'>dubito</span> <span class='ocrx_word' id='word_1_264' title='bbox 333 3972 445 4040; x_wconf 83' lang='lat' dir='ltr'>prosilit</span> <span class='ocrx_word' id='word_1_265' title='bbox 468 3973 585 4026; x_wconf 76' lang='lat' dir='ltr'>Botliius</span> <span class='ocrx_word' id='word_1_266' title='bbox 657 3972 788 4040; x_wconf 87' lang='lat' dir='ltr'>prosiluit</span> <span class='ocrx_word' id='word_1_267' title='bbox 808 3972 971 4026; x_wconf 75' lang='lat' dir='ltr'>Priscianus</span> <span class='ocrx_word' id='word_1_268' title='bbox 989 3988 1051 4024; x_wconf 87' lang='lat' dir='ltr'>cum</span> <span class='ocrx_word' id='word_1_269' title='bbox 1072 3970 1262 4041; x_wconf 65' lang='lat' dir='ltr'>Porphyrium</span> 
     </span>
     <span class='ocr_line' id='line_1_38' title="bbox 169 4051 609 4122; baseline 0.002 -18"><span class='ocrx_word' id='word_1_270' title='bbox 169 4051 308 4105; x_wconf 61' lang='lat' dir='ltr'>Cuccium</span> <span class='ocrx_word' id='word_1_271' title='bbox 326 4053 381 4105; x_wconf 82' lang='lat' dir='ltr'>duc</span> <span class='ocrx_word' id='word_1_272' title='bbox 398 4054 554 4122; x_wconf 63' lang='lat' dir='ltr'>[rueme-utu</span> <span class='ocrx_word' id='word_1_273' title='bbox 572 4051 609 4121; x_wconf 84' lang='grc'>(*)</span> 
     </span>
    </p>

    <p class='ocr_par' dir='ltr' id='par_1_14' title="bbox 160 4126 1278 4519">
     <span class='ocr_line' id='line_1_39' title="bbox 256 4126 1277 4199; baseline 0.003 -18"><span class='ocrx_word' id='word_1_274' title='bbox 256 4128 317 4183; x_wconf 88' lang='lat' dir='ltr'>Vll&#39;</span> <span class='ocrx_word' id='word_1_275' title='bbox 330 4130 493 4184; x_wconf 68' lang='lat' dir='ltr'>Priscianus</span> <span class='ocrx_word' id='word_1_276' title='bbox 507 4132 528 4183; x_wconf 86' lang='lat'><em>1</em></span> <span class='ocrx_word' id='word_1_277' title='bbox 540 4131 583 4195; x_wconf 87' lang='lat' dir='ltr'>(G.</span> <span class='ocrx_word' id='word_1_278' title='bbox 594 4131 628 4184; x_wconf 84' lang='lat' dir='ltr'>L.</span> <span class='ocrx_word' id='word_1_279' title='bbox 641 4132 693 4199; x_wconf 84' lang='grc' dir='ltr'>ΙΙ)</span> <span class='ocrx_word' id='word_1_280' title='bbox 710 4148 737 4198; x_wconf 73' lang='lat' dir='ltr'>p.</span> <span class='ocrx_word' id='word_1_281' title='bbox 754 4135 818 4198; x_wconf 73' lang='lat'>523,</span> <span class='ocrx_word' id='word_1_282' title='bbox 832 4137 881 4185; x_wconf 84' lang='lat'><em>19.-</em></span> <span class='ocrx_word' id='word_1_283' title='bbox 899 4130 1006 4186; x_wconf 61' lang='lat' dir='ltr'>ln„‘no’</span> <span class='ocrx_word' id='word_1_284' title='bbox 1023 4128 1099 4184; x_wconf 87' lang='lat' dir='ltr'>nuel</span> <span class='ocrx_word' id='word_1_285' title='bbox 1114 4147 1134 4198; x_wconf 83' lang='lat' dir='ltr'>g</span> <span class='ocrx_word' id='word_1_286' title='bbox 1147 4126 1277 4184; x_wconf 77' lang='lat' dir='ltr'>anteced</span> 
     </span>
     <span class='ocr_line' id='line_1_40' title="bbox 164 4208 1278 4280; baseline -0.004 -17"><span class='ocrx_word' id='word_1_287' title='bbox 164 4210 239 4264; x_wconf 81' lang='lat' dir='ltr'>tibus</span> <span class='ocrx_word' id='word_1_288' title='bbox 260 4228 310 4280; x_wconf 86' lang='lat' dir='ltr'>per</span> <span class='ocrx_word' id='word_1_289' title='bbox 329 4210 392 4263; x_wconf 82' lang='lat' dir='ltr'>‘ui&#39;</span> <span class='ocrx_word' id='word_1_290' title='bbox 413 4210 517 4264; x_wconf 80' lang='lat' dir='ltr'>diuisae</span> <span class='ocrx_word' id='word_1_291' title='bbox 540 4211 648 4264; x_wconf 82' lang='lat' dir='ltr'>fuciunt</span> <span class='ocrx_word' id='word_1_292' title='bbox 671 4211 868 4279; x_wconf 80' lang='lat' dir='ltr'>praeteritum,</span> <span class='ocrx_word' id='word_1_293' title='bbox 892 4212 925 4262; x_wconf 89' lang='lat' dir='ltr'>ut</span> <span class='ocrx_word' id='word_1_294' title='bbox 942 4226 1017 4278; x_wconf 89' lang='lat' dir='ltr'>pono</span> <span class='ocrx_word' id='word_1_295' title='bbox 1035 4209 1116 4278; x_wconf 80' lang='lat' dir='ltr'>posui</span> <span class='ocrx_word' id='word_1_296' title='bbox 1131 4252 1137 4264; x_wconf 91' lang='lat'><em>.</em></span> <span class='ocrx_word' id='word_1_297' title='bbox 1155 4252 1162 4264; x_wconf 92' lang='lat'>.</span> <span class='ocrx_word' id='word_1_298' title='bbox 1180 4253 1186 4266; x_wconf 93' lang='lat'>.</span> <span class='ocrx_word' id='word_1_299' title='bbox 1202 4208 1278 4264; x_wconf 75' lang='lat' dir='ltr'>unt-i·</span> 
     </span>
     <span class='ocr_line' id='line_1_41' title="bbox 165 4287 1278 4360; baseline -0.003 -18"><span class='ocrx_word' id='word_1_300' title='bbox 165 4293 261 4342; x_wconf 82' lang='lat' dir='ltr'>tumen</span> <span class='ocrx_word' id='word_1_301' title='bbox 277 4294 304 4344; x_wconf 87' lang='lat' dir='ltr'>et</span> <span class='ocrx_word' id='word_1_302' title='bbox 320 4291 436 4360; x_wconf 84' lang='lat' dir='ltr'>‘posiui&#39;</span> <span class='ocrx_word' id='word_1_303' title='bbox 453 4289 602 4360; x_wconf 82' lang='lat' dir='ltr'>protulisse</span> <span class='ocrx_word' id='word_1_304' title='bbox 623 4290 810 4343; x_wconf 85' lang='lat' dir='ltr'>inueniuntur.</span> <span class='ocrx_word' id='word_1_305' title='bbox 839 4291 956 4344; x_wconf 80' lang='lat' dir='ltr'>Plautus</span> <span class='ocrx_word' id='word_1_306' title='bbox 975 4288 1005 4341; x_wconf 86' lang='lat' dir='ltr'>in</span> <span class='ocrx_word' id='word_1_307' title='bbox 1024 4289 1181 4344; x_wconf 80' lang='lat' dir='ltr'>Vidularia:</span> <span class='ocrx_word' id='word_1_308' title='bbox 1201 4287 1278 4342; x_wconf 86' lang='lat' dir='ltr'>‘Nu</span> 
     </span>
     <span class='ocr_line' id='line_1_42' title="bbox 166 4368 1278 4438; baseline -0.001 -17"><span class='ocrx_word' id='word_1_309' title='bbox 166 4370 426 4437; x_wconf 78' lang='lat' dir='ltr'>‚..p0siuimue&#39;</span> <span class='ocrx_word' id='word_1_310' title='bbox 523 4375 581 4427; x_wconf 80' lang='lat'><strong>102.</strong></span> <span class='ocrx_word' id='word_1_311' title='bbox 602 4369 728 4423; x_wconf 84' lang='lat' dir='ltr'>nidulum</span> <span class='ocrx_word' id='word_1_312' title='bbox 748 4376 773 4424; x_wconf 83' lang='lat' dir='ltr'>ct</span> <span class='ocrx_word' id='word_1_313' title='bbox 791 4369 946 4438; x_wconf 82' lang='lat' dir='ltr'>poeiuimus</span> <span class='ocrx_word' id='word_1_314' title='bbox 973 4371 1038 4423; x_wconf 83' lang='lat' dir='ltr'>libri</span> <span class='ocrx_word' id='word_1_315' title='bbox 1066 4368 1208 4422; x_wconf 76' lang='lat' dir='ltr'>Prisciani</span> <span class='ocrx_word' id='word_1_316' title='bbox 1232 4369 1278 4421; x_wconf 83' lang='lat' dir='ltr'>lo</span> 
     </span>
     <span class='ocr_line' id='line_1_43' title="bbox 160 4447 337 4519; baseline -0.011 -15"><span class='ocrx_word' id='word_1_317' title='bbox 160 4449 281 4519; x_wconf 74' lang='lat' dir='ltr'>plurimi</span> <span class='ocrx_word' id='word_1_318' title='bbox 299 4447 337 4518; x_wconf 69' lang='lat'>(⁸)</span> 
     </span>
    </p>
   </div>
   <div class='ocr_carea' id='block_1_13' title="bbox 0 0 1489 5678">
    <p class='ocr_par' dir='ltr' id='par_1_15' title="bbox 0 0 1489 5678">
     <span class='ocr_line' id='line_1_44' title="bbox 0 0 1489 5678; baseline 0 0"><span class='ocrx_word' id='word_1_319' title='bbox 0 0 1489 5678; x_wconf 95' lang='lat' dir='ltr'> </span> 
     </span>
    </p>
   </div>
  </div>
 </body>
</html>
