2956 5678
125 760 271 813 sot-sse
613 758 798 815 APPENDIX
1214 764 1277 829 117

125 924 146 971 t.
162 918 206 972 01
220 921 259 983 (a.
279 921 367 987 1870)
382 937 411 990 p.
433 924 477 976 76.
514 919 617 976 Fecisti
641 920 698 974 ium
721 920 808 990 probe
826 922 858 975 tu
877 922 955 975 tuom
973 920 1078 978 Sebaell
1092 925 1182 993 praes.
1202 926 1242 980 ed.
1265 929 1284 981 l

217 1084 367 1135 sss-sto.
396 1081 457 1136 Del.
472 1081 584 1152 Vesinp¹
604 1080 702 1148 (solum
720 1099 744 1136 n.
761 1086 813 1135 340
832 1082 863 1135 in
880 1081 1008 1151 adult),
1026 1088 1167 1138 sss-840
1183 1085 1277 1141 Weiss.

124 1157 169 1229 cr.
189 1160 307 1232 tanea
327 1161 382 1217 Ῥι.
401 1161 452 1216 see
469 1180 498 1233 p.
518 1166 570 1228 ss,·
588 1165 651 1216 eos.

215 1245 275 1296 888.
307 1241 352 1297 Dc
375 1242 471 1311 quicto
494 1243 529 1309 cs.
549 1242 707 1296 Fleckeisen
730 1242 801 1296 Noa.
826 1259 892 1296 ann.
916 1249 935 1296 t.
952 1242 994 1296 01
1016 1247 1054 1311 (a.
1074 1247 1161 1304 1870)
1182 1262 1212 1314 p.
1233 1250 1279 1314 76,

121 1337 197 1390 quae
213 1327 357 1378 mareote
374 1323 455 1378 reieci
473 1324 533 1379 Act.
551 1321 611 1376 Soc.
627 1323 672 1390 pli.
688 1323 722 1376 L.
744 1322 788 1376 VI
798 1339 827 1391 p.
842 1327 908 1377 288.
946 1323 1000 1378 Por
1018 1323 1091 1378 hono
1110 1342 1206 1380 curum
1223 1326 1277 1381 tibi

89 1458 99 1471 p
122 1399 197 1456 licet
214 1401 309 1472 quieto
329 1403 449 1457 Mueller
468 1402 523 1456 ‘Pl
543 1402 635 1457 Pros’
651 1418 680 1470 p.
700 1406 764 1456 277.

215 1487 274 1537 839.
295 1486 354 1537 840.
390 1481 528 1553 warado
549 1482 594 1537 tte
616 1499 640 1536 o.
661 1489 686 1537 et
704 1487 756 1535 340
779 1482 960 1539 dimetiendas
983 1491 1049 1539 esset
1064 1487 1203 1554 perspecte
1221 1488 1278 1543 Leo

122 1561 174 1630 (cf.
194 1562 234 1617 cd.
252 1563 348 1631 rain.):
369 1579 436 1633 euos
458 1563 498 1618 sic
520 1562 586 1617 alirn
603 1563 692 1617 edidi:
723 1561 761 1614 Ni
781 1562 850 1630 quid
869 1562 935 1616 hinc
953 1562 983 1616 in
1003 1581 1081 1632 spem
1099 1564 1205 1620 roseros
1223 1566 1278 1620 tibi

123 1643 181 1708 (ita
200 1642 344 1712 Geppcrt):
367 1643 421 1698 hoc
443 1641 549 1713 oppido
573 1660 600 1711 p.
624 1642 677 1709 (ita
696 1641 836 1711 Pylades).
875 1641 962 1697 Credi
981 1643 1064 1698 modo
1083 1648 1115 1699 tu
1135 1645 1205 1699 mihi
1225 1648 1278 1713 (ita

124 1722 328 1791 Camerarius),
351 1725 392 1778 stc
415 1740 467 1794 ego
491 1739 558 1793 ogo:
583 1722 623 1775 sic
647 1738 670 1776 e.
690 1740 717 1776 n.
738 1754 771 1762 -
790 1722 834 1777 Ne
853 1723 921 1790 quid
940 1723 994 1777 tibi
1012 1723 1079 1778 hinc
1097 1724 1127 1778 in
1146 1727 1224 1794 spem
1243 1729 1276 1781 tu
1327 1734 1330 1741 '

121 1800 241 1870 referas,
265 1802 372 1872 oppido
397 1803 424 1858 h.
446 1803 562 1874 Seyffert
586 1802 763 1856 ‘dabresber'
788 1819 812 1855 a.
834 1807 909 1857 1890
930 1820 959 1872 p.
983 1807 1025 1858 71.
1067 1803 1104 1857 Ni
1128 1805 1196 1872 quid
1221 1806 1275 1862 tibi

121 1880 192 1935 hinc
208 1882 239 1935 in
257 1899 335 1952 opem
355 1883 433 1937 uliud
452 1883 571 1949 referas,
593 1882 698 1951 oppido
717 1883 743 1935 h.
763 1901 790 1951 p.
810 1883 933 1937 Nencini
952 1884 968 1937 l.
988 1901 1008 1937 s.
1028 1901 1048 1937 s.
1067 1900 1094 1952 p.
1115 1889 1158 1939 93.
1179 1918 1212 1926 -
1231 1887 1277 1942 De

120 1960 154 2015 ui
172 1963 208 2028 cf.
227 1962 335 2018 Ritscltl
354 1963 403 2033 Op.
418 1965 456 2017 11
467 1981 497 2033 p.
513 1967 577 2018 829.
598 1994 631 2002 -
650 1962 704 2016 hoc
723 1961 847 2016 hostium
865 1962 1016 2031 potitumst
1034 1965 1188 2020 Acidalius.
1222 1966 1275 2021 hoc

121 2041 229 2111 oppido
246 2042 397 2113 potitumst
411 2044 536 2098 Balbadt
552 2041 612 2098 Obs.
628 2044 686 2097 crit.
703 2059 732 2111 p.
747 2046 794 2097 22.
831 2043 877 2096 hio
897 2043 1001 2112 oppido
1020 2043 1142 2113 potitust
1160 2047 1201 2100 oel
1221 2047 1275 2101 hoc

121 2122 229 2194 oppido
247 2123 355 2192 potitus
374 2125 457 2194 (sum)
471 2124 566 2179 Botbe.
600 2123 654 2176 hoc
672 2123 776 2192 oppido
795 2122 954 2192 polluctum
973 2126 1016 2177 cst
1032 2125 1157 2193 Geppert.
1192 2143 1274 2181 omne

120 2201 1275 2354 tilitathtmtxfftffltltstis·..¹3⁰⁰..21'stttbtttffil

120 2361 139 2415 l.
158 2378 179 2416 s.
198 2379 219 2417 s.
235 2381 265 2433 p.
283 2367 329 2418 22.
368 2362 408 2417 sic
427 2380 480 2434 ugo
500 2380 552 2433 ego
571 2363 690 2418 Mueller
705 2363 761 2417 ‘Pl
782 2364 872 2418 Pros’
889 2381 918 2432 p.
939 2369 1000 2418 154.
1222 2303 1274 2355 W

211 2456 272 2505 341.
301 2451 377 2506 diem
399 2453 432 2506 ut
454 2452 531 2507 edidi
548 2452 613 2506 olim
632 2468 692 2506 cnm
712 2453 834 2523 Guycto;
859 2454 891 2505 ut
909 2469 1139 2521 superuacaneum
1157 2471 1211 2509 esse
1227 2455 1273 2511 de-

119 2537 272 2587 nouum
289 2532 378 2587 studet
391 2531 561 2602 nauem
577 2533 683 2602 Quaest.
699 2533 743 2587 Pl.
757 2549 786 2601 p.
803 2538 839 2587 10
848 2549 903 2602 sqq.
940 2533 984 2588 Dc
1003 2537 1200 2591 cointructiane
1215 2536 1271 2593 dub

118 2617 219 2666 κοινοῦ
237 2611 338 2682 copitat
356 2612 414 2666 Leo
433 2612 481 2680 (cs.
501 2612 584 2665 Anal.
605 2613 648 2667 Pl.
664 2629 694 2681 p.
714 2617 771 2680 40).
809 2613 848 2667 mi
867 2616 900 2668 ut
918 2613 993 2668 himo
1012 2614 1087 2668 diem
1105 2616 1226 2671 Skutsch.

209 2696 270 2747 848.
299 2692 353 2746 hoc
371 2691 497 2761 suspicio
517 2693 551 2747 Il.
574 2693 692 2747 Mueller
707 2710 736 2761 p.
755 2696 801 2747 22.
840 2693 966 2762 auspicio
986 2711 1048 2749 meo
1068 2696 1196 2766 Pylades.

211 2773 241 2827 V.
265 2777 404 2827 tls-351
430 2773 480 2827 del.
503 2772 592 2843 Gupet
615 2790 638 2826 v.
664 2778 715 2826 352
739 2772 822 2826 Nunc
844 2790 897 2842 pro
920 2773 994 2827 Num
1019 2775 1151 2830 scribens:
1176 2783 1271 2831 cantra

118 2860 184 2908 ante
210 2853 259 2908 lias
283 2870 308 2907 o.
335 2853 470 2921 quaedam
497 2853 664 2907 intercidisse
692 2869 749 2906 non
776 2855 991 2922 improbabiliter
1018 2856 1132 2910 coniecit
1156 2856 1271 2926 Seyffert

118 2932 197 2988 Stud.
217 2933 261 2989 Pl.
279 2950 306 3001 p.
327 2937 370 2987 16.
410 2933 451 2999 Of.
471 2934 552 2987 etiam
570 2932 682 3001 Hasper
700 2949 729 3001 p.
749 2936 794 2986 22.
819 2965 853 2972 -
876 2933 921 2987 De
942 2935 1122 3002 explicatione
1145 2952 1270 2991 casuum

118 3015 154 3081 ef.
169 3030 240 3082 quae
257 3013 356 3081 optime
370 3029 431 3066 cuni
445 3013 553 3067 Dielsio
568 3016 640 3081 (post
653 3013 833 3080 Lambinum)
849 3015 973 3082 esposuit
987 3016 1044 3069 Lea
1058 3015 1139 3069 Vind.
1155 3016 1198 3070 Pl.
1216 3018 1267 3083 (ed.

119 3094 245 3148 Raslocls.
264 3111 289 3147 a.
310 3096 397 3160 1887)
414 3110 442 3161 p.
463 3097 543 3161 3sqp.
564 3093 647 3159 (adde
665 3093 769 3147 Seboell
787 3093 939 3161 Woelfflini
952 3094 1034 3147 Arcb.
1055 3101 1072 3148 t.
1092 3096 1140 3148 IV
1153 3113 1182 3164 p.
1199 3100 1269 3165 632;

119 3175 267 3230 Francken
281 3174 451 3228 Mnemost.
473 3173 733 3241 7115191399).
767 3172 964 3241 purieticidum
986 3174 1104 3244 Vssinp¹.
1136 3175 1192 3230 feci
1210 3176 1268 3231 ism

118 3252 296 3324 ponticidam
316 3254 427 3307 Palmer
444 3252 586 3307 Humatis.
609 3253 640 3306 X
660 3270 688 3321 p.
709 3257 753 3306 58.
791 3253 995 3321 perenticidsm
1016 3254 1071 3308 Gz¹
1093 3272 1154 3310 cum
1176 3257 1268 3311 Came-

117 3336 202 3391 rario.
231 3365 265 3374 —
293 3333 426 3387 Persium
449 3333 598 3386 ductarent
621 3334 677 3387 Leo
701 3334 718 3386 l.
740 3350 760 3387 s.
783 3350 803 3387 s.
841 3332 964 3387 Perstim
988 3334 1104 3388 ductore
1130 3336 1185 3391 62¹
1207 3355 1269 3391 cum

118 3416 285 3471 Cameraria
322 3414 393 3468 Pert
416 3417 448 3468 tu
471 3413 610 3478 ductores,
635 3415 665 3467 ut
688 3429 740 3482 ego
766 3415 869 3483 Vssinp.
896 3445 927 3452 —
953 3414 1037 3468 hodio
1061 3431 1112 3484 ego
1138 3416 1200 3471 Gz¹.
1238 3420 1269 3472 at

117 3513 171 3566 ego
190 3512 266 3549 nunc
285 3495 440 3549 Reinlurrdt
457 3494 527 3547 Nou.
548 3510 614 3546 ann.
635 3500 652 3547 t.
675 3492 747 3547 CXI
763 3497 800 3559 (a.
821 3498 907 3561 1875)
923 3511 952 3562 p.
973 3500 1035 3548 199.
1069 3498 1170 3565 stega
1190 3514 1268 3551 erum

116 3578 234 3647 Seyffert
256 3575 335 3631 Stud.
360 3575 404 3628 Pl.
424 3592 455 3644 p.
479 3579 522 3627 16.
561 3573 710 3641 (ductatez)
740 3576 783 3626 ast
809 3590 860 3643 ego
887 3575 981 3628 Botbe.
1020 3578 1065 3629 est
1091 3577 1172 3630 etiam
1191 3578 1266 3632 Reiz.

120 3657 200 3728 Quod
217 3656 283 3711 dedi
299 3655 432 3710 sententia
447 3670 555 3723 poscere
572 3654 632 3708 nisa
650 3660 702 3708 cst.-
724 3660 837 3707 metroni
856 3662 975 3720 excusat,
994 3662 1024 3709 ut
1043 3657 1119 3722 alibi,
1138 3660 1267 3713 sarrianis

116 3739 198 3793 ratio.
208 3768 244 3778 -
253 3735 368 3790 follitim
382 3736 447 3790 alim
461 3752 522 3789 curn
533 3734 689 3788 Camerario
703 3734 786 3788 edidi.
797 3766 832 3773 -
844 3734 941 3787 Totum
954 3752 978 3788 o.
995 3741 1044 3788 351
1061 3753 1121 3789 crem
1133 3738 1266 3806 Gepperto

116 3817 297 3886 Stratippocli
314 3816 410 3870 tribuit
429 3815 584 3870 Reinbardt
603 3815 620 3868 l.
639 3831 659 3868 s.
679 3831 699 3868 s.
721 3814 833 3868 mutatis
851 3816 938 3868 uerbis
956 3815 1060 3868 focium
1079 3819 1185 3884 petent.
1205 3835 1266 3871 cum

116 3897 241 3968 paratim
259 3896 334 3950 duct.
354 3913 387 3950 ca
404 3897 454 3951 boc
471 3913 494 3950 o.
514 3896 627 3949 bandis.
668 3894 708 3959 0).
729 3895 810 3948 etiam
828 3895 1007 3965 Sebredinper
1020 3913 1049 3963 p.
1070 3899 1113 3949 39.

208 3992 268 4040 353.
298 3986 355 4039 Pro
378 3985 472 4053 spurio
495 4000 573 4038 uersu
596 3984 714 4037 eutitisse
738 3984 802 4036 cline
820 3985 892 4037 celat
910 3984 975 4036 baec
990 3990 1072 4052 putat
1091 3984 1124 4037 ll.
1146 3985 1266 4039 Mueller

116 4068 152 4123 de
169 4068 213 4122 Pl.
234 4066 288 4135 Ep.
304 4082 334 4134 p.
355 4069 405 4118 18:
423 4064 477 4118 Hic
495 4066 556 4119 erut
574 4064 603 4117 in
623 4063 696 4117 senis
715 4063 909 4132 marsuppium
928 4080 1012 4130 quem
1030 4063 1138 4117 intendi
1157 4064 1264 4132 primus

115 4149 198 4202 ictus.
219 4178 252 4187 —
273 4147 385 4200 Versum
404 4151 510 4199 tutatur
530 4145 632 4200 Vahlen
651 4144 715 4196 Ind.
736 4144 791 4197 lect.
813 4148 888 4197 1880
902 4160 932 4211 p.
948 4148 997 4197 15:
1016 4145 1062 4197 cui
1079 4145 1265 4210 adstipulatus

115 4233 156 4283 est
173 4228 230 4282 Leo
253 4224 368 4295 (munib'
390 4225 452 4294 his).
492 4224 533 4290 Of.
553 4223 624 4277 ident
644 4225 698 4278 ‘Pl
720 4223 843 4277 Forsclt!
859 4240 888 4291 p.
908 4227 977 4288 250,
1001 4225 1117 4294 Lonpcn
1136 4225 1191 4279 ‘Pl
1211 4225 1262 4280 st!

113 4324 143 4378 p.
162 4311 225 4362 294.
246 4335 281 4346 -
300 4305 430 4359 Manibus
450 4303 631 4358 denumeroui
652 4304 782 4375 Gupetns.
803 4334 835 4343 -
857 4303 897 4368 cf.
918 4320 941 4356 o.
963 4309 1021 4357 367.

206 4399 267 4449 855.
287 4394 384 4449 inueni
398 4394 455 4448 ium
464 4394 628 4459 Saracenas,
639 4394 793 4448 Acidalius.
818 4391 974 4446 inueniam:
989 4409 1055 4462 num
1064 4392 1185 4465 Pylades
1199 4397 1265 4463 (boc

113 4491 214 4530 namen
223 4492 278 4544 pro
291 4474 345 4530 Pio
359 4491 445 4543 supra
458 4476 576 4542 repone).
589 4504 621 4513 -
632 4475 699 4528 Post
712 4475 785 4527 burn
799 4489 822 4527 o.
837 4474 914 4528 tiore
927 4473 1088 4527 sententian
1097 4481 1161 4542 past
1173 4476 1263 4529 Toub-

114 4573 249 4612 mannum
266 4557 364 4610 statuit
381 4555 416 4610 ll.
432 4554 551 4608 Mueller·
569 4555 586 4607 l.
601 4570 622 4607 s.
636 4570 656 4607 s.
672 4570 701 4621 p.
722 4558 747 4607 6.
787 4553 828 4619 Of.
845 4554 961 4624 Lanpen
976 4554 1032 4607 ‘Pl
1047 4553 1138 4609 Stud’
1157 4572 1184 4623 p.
1201 4560 1261 4610 145.

205 4648 266 4697 356.
305 4645 372 4698 Post
398 4643 472 4697 hunc
495 4660 519 4696 o.
544 4644 677 4711 pieaedant
701 4643 869 4697 intercidisse
893 4643 1072 4711 probabiliter
1094 4649 1176 4712 putat
1202 4661 1263 4697 mern

116 4724 300 4778 Taubnanno
320 4723 394 4777 Bria
413 4724 475 4776 En.
496 4724 539 4777 Pl.
559 4724 598 4776 ed.
619 4725 733 4775 o.1847
748 4739 777 4790 p.
793 4726 838 4789 17,
857 4723 919 4776 item
937 4723 1008 4776 Leo:
1024 4722 1082 4776 nisi
1100 4728 1171 4777 totns
1189 4723 1264 4778 locus

113 4810 271 4858 contractus
289 4807 334 4857 est.
369 4802 410 4869 Os.
431 4803 542 4870 Hesper
556 4820 584 4871 p.
605 4807 649 4857 22.

206 4888 266 4938 sot.
296 4899 375 4954 euge,
394 4882 471 4949 Quae
489 4882 547 4937 ium
565 4890 590 4939 et
608 4882 720 4940 Tenen?
742 4881 817 4938 STR.
837 4882 929 4937 Teneo
948 4882 983 4936 R.
999 4882 1118 4938 Mueller
1131 4899 1161 4953 p.
1181 4886 1207 4938 8.
1228 4914 1260 4925 -
