2956 5678
225 236 228 240 ,
274 242 280 257 x
301 244 307 253 κ
353 239 359 250 7

184 292 187 294 “
317 289 320 301 l

656 739 861 795 PRAEFATIO
1292 739 1330 793 IX

184 905 346 989 scriptura
360 903 513 969 Plautina
528 904 655 987 liquore
673 903 817 969 chemico
837 926 901 968 non
920 904 1109 969 resuscitata
1128 907 1184 967 est.
1221 901 1332 967 Lectio

184 1012 466 1097 praetermodum
490 1010 641 1075 difficilis.

273 1135 417 1201 Pessime
454 1135 602 1200 habitum
635 1138 684 1199 est
715 1134 811 1199 etiam
844 1157 903 1218 par
933 1136 1086 1200 foliorum
1123 1134 1269 1221 1831184
1301 1139 1335 1201 et

186 1242 346 1325 1851186.
397 1240 482 1308 Nam
515 1264 711 1327 quamquam
743 1263 861 1327 magna
892 1264 931 1306 111
965 1246 1056 1326 parte
1086 1246 1246 1307 servatum
1276 1245 1333 1326 est,

183 1355 294 1415 tamen
335 1350 494 1434 scriptura
534 1349 706 1414 admodum
748 1349 879 1413 evanuit
919 1352 952 1413 et
987 1349 1145 1413 foramina
1181 1349 1334 1414 continua

185 1480 287 1543 paone
319 1478 430 1521 omnes
461 1478 572 1522 versus
605 1459 773 1540 occupant
826 1454 972 1521 Lacunas
1002 1455 1140 1520 maiores
1148 1455 1269 1520 ‘trabes
1299 1457 1333 1520 in

185 1565 333 1649 partibus
363 1563 581 1648 superioribus
611 1563 779 1647 utriusque
806 1564 878 1628 folii
906 1564 1147 1628 dextroversum
1176 1562 1217 1648 (si
1245 1564 1334 1649 pagi-

186 1695 261 1737 nam
284 1675 405 1737 rectam
428 1668 618 1757 aspexeria):
641 1677 690 1754 ΙΠ,
716 1675 882 1754 praeterea
904 1671 985 1734 duos
1012 1671 1167 1755 largiores
1190 1669 1333 1735 defectus

186 1779 221 1843 11
253 1779 370 1862 prioris
402 1778 474 1843 folii
506 1781 596 1862 parte
629 1777 779 1842 inferiore
811 1777 1045 1841 sinistrorsum:
1076 1783 1124 1855 Ι.
1175 1775 1335 1842 Medicina

186 1886 332 1953 chemica
361 1885 481 1951 oblitae
511 1887 586 1949 sunt
616 1905 734 1968 parvae
765 1884 880 1949 horum
913 1884 1065 1948 foliorum
1098 1887 1218 1967 partes,
1250 1883 1334 1948 unde

185 1998 385 2079 quantopere
411 1995 526 2058 anctus
553 1991 597 2056 sit
622 1991 751 2076 legendi
779 1991 874 2055 labor
895 1991 990 2056 facile
1014 1994 1063 2055 est
1085 1991 1126 2054 ad
1148 1991 1334 2075 intellegen-

186 2100 272 2166 dum.
318 2098 431 2165 Lectio
458 2098 649 2184 paginarum
680 2097 743 2161 183
771 2102 804 2162 et
830 2098 944 2162 1861.
971 2095 1335 2181 13-19111111111111,

189 2207 261 2272 184.
287 2205 361 2271 185.
387 2206 449 2270 186
471 2227 501 2268 v.
527 2205 635 2269 1-12
659 2208 785 2288 praeter
809 2204 939 2268 modurn
962 2203 1114 2269 difficilis.

273 2318 360 2396 Folii
385 2328 547 2412 1811182,
576 2331 667 2394 cuius
690 2352 721 2413 p.
748 2329 808 2393 181
834 2328 986 2414 pallidior
1009 2351 1105 2413 quam
1129 2330 1243 2411 altera,
1267 2350 1334 2392 ver-

186 2460 240 2502 sus
270 2437 358 2502 1-ss
385 2457 486 2521 paene
514 2437 632 2523 integri
661 2436 861 2520 exciderunt,
889 2436 998 2500 1-14
1025 2436 1137 2501 multis
1165 2435 1274 2519 eisque
1298 2457 1334 2499 er

185 2548 276 2628 parte
305 2544 468 2610 continuis
497 2544 710 2609 foraminibus
742 2544 954 2627 pessumdati,
989 2543 1118 2608 15-19
1150 2543 1231 2607 bene
1261 2564 1335 2607 con·

187 2651 304 2716 servati
331 2654 415 2716 sunt
460 2650 570 2716 Lectio
598 2650 735 2735 paginae
765 2651 825 2714 181
855 2651 1002 2715 versibus
1032 2649 1160 2714 111-19
1190 2649 1333 2732 exceptis

187 2758 399 2842 perdifficilis,
421 2780 452 2840 p.
478 2757 541 2821 182
564 2779 630 2820 non
653 2757 732 2821 adeo
756 2757 908 2822 difficilis.

272 2881 361 2945 Folii
377 2881 523 2964 1811188
542 2880 631 2964 prior
648 2882 768 2966 pagina
786 2882 893 2944 minus
913 2882 1036 2945 detrita.
1070 2880 1210 2946 Exstant
1224 2902 1334 2945 versus

188 2989 336 3071 11-19,
368 2988 482 3071 reliqui
515 2987 744 3067 interciderunt
774 3010 902 3070 omnes,
935 2988 961 3052 si
992 2989 1154 3072 exceperis
1184 2989 1333 3072 parvulas

185 3096 356 3180 reliquias,
384 3115 461 3178 quas
489 3094 628 3158 11111111
656 3095 789 3159 interior
817 3095 888 3159 folii
917 3116 1041 3180 margo:
1071 3099 1166 3179 atque
1189 3092 1333 3178 paullulo

183 3204 327 3269 maiores
349 3200 477 3285 quidem
501 3222 611 3265 versus
634 3200 664 3264 4.
688 3198 708 3264 5
733 3205 765 3265 et
789 3201 926 3265 14-16.
973 3200 1082 3266 Lectio
1106 3202 1223 3284 prioris
1246 3201 1334 3287 pagi·

180 3333 241 3376 uae
268 3308 423 3390 difficilis,
445 3307 577 3372 alterius
602 3308 882 3391 praetermodum
906 3308 1046 3372 difficilis
1070 3313 1125 3373 111.

275 3442 362 3507 Folii
403 3441 547 3522 1111118
590 3440 716 3526 planior
756 3442 876 3528 pagina
917 3446 966 3506 111
1005 3443 1074 3506 111.
1134 3441 1333 3528 Marginibus

172 3552 300 3616 dextro
331 3549 485 3630 laevoque
515 3547 688 3613 adhaerent
720 3547 871 3634 (maxime
899 3550 932 3612 in
960 3553 1049 3633 parte
1078 3546 1241 3633 inferiore)
1270 3549 1335 3612 111-

167 3657 272 3725 stula
309 3653 466 3719 nonnulla
502 3655 616 3720 misere
653 3655 826 3720 devastata,
886 3655 1046 3732 Quattuor
1082 3656 1215 3740 parvula
1250 3656 1334 3741 frag-

165 3768 296 3830 menta
324 3762 477 3828 fasciculo
502 3762 625 3827 adiecta
649 3766 737 3845 sunt,
769 3785 905 3846 quorum
930 3764 992 3827 duo
1015 3763 1169 3848 pristinae
1193 3762 1259 3825 sedi
1282 3762 1335 3825 ad-

161 3874 314 3960 signare
352 3869 452 3954 potni.
507 3868 646 3953 Liquore
684 3870 787 3934 oblita
822 3873 871 3934 est
907 3870 1042 3954 paginae
1081 3870 1142 3933 118
1181 3889 1336 3951 perparva

159 3978 347 4069 particula
374 3981 406 4041 et
433 3977 569 4061 paginae
602 3977 663 4040 111
693 3978 758 4040 ima
785 3999 859 4060 pars
887 3978 1106 4042 sinistrorsum
1135 3980 1167 4040 et
1194 3975 1335 4038 dextror-

159 4107 268 4156 sum.
314 4083 425 4149 Lectio
450 4084 729 4166 praetermodum
755 4083 930 4147 difficilis.''
949 4121 992 4129 -

278 4214 368 4281 Haec
390 4215 527 4281 LOEWE
551 4217 721 4301 scripserat
744 4221 915 4301 antequam
935 4215 1180 4280 STVDEMVNDI
1204 4235 1333 4298 operam

162 4324 344 4402 nousset:
376 4345 457 4406 quae
486 4345 544 4389 cur
571 4328 645 4408 post
673 4325 883 4409 apographon
911 4323 1031 4387 editum
1060 4323 1241 4386 omitterem
1269 4343 1334 4387 non
1424 4312 1428 4320 ’

164 4432 306 4509 inveni.
360 4428 480 4495 Contra
510 4451 590 4513 quae
621 4431 836 4514 sequebantur
866 4430 905 4494 ad
936 4433 1098 4494 externam
1130 4427 1333 4494 Ambrosiani

168 4537 330 4623 speciem
358 4537 565 4620 pertinentia,
593 4537 632 4600 ad
660 4537 786 4618 titulos,
814 4558 924 4601 versus
950 4536 990 4600 ab
1014 4537 1115 4601 initiis
1140 4541 1279 4600 remotos
1302 4539 1335 4599 et

167 4659 259 4714 non
274 4648 423 4727 remotos,
440 4643 565 4710 litteras
584 4644 732 4726 initiales,
747 4644 936 4727 deminutae,
951 4643 1176 4727 compendiose
1191 4641 1334 4725 scriptas,

170 4748 322 4835 similia,
349 4751 426 4816 haec
455 4751 562 4815 omnia
589 4750 834 4835 diligentissime
858 4773 876 4813 a
899 4750 1155 4815 STVDEMVNDO
1183 4748 1334 4813 adnotata

166 4848 281 4922 nolui
305 4860 421 4923 iterari.
468 4856 659 4941 Subscripta
682 4861 756 4921 sunt
780 4858 871 4922 haec:
