2956 5678
488 763 705 819 PRAEFATIO.
1078 763 1171 818 XXIII
1184 774 1192 788 '

90 933 107 992 1
137 927 263 1012 sedes'3
294 928 334 994 ef.
363 951 393 994 v.
416 929 470 995 44.
516 929 718 1013 Quamquam
748 931 877 1014 praeter
905 952 934 993 v.
958 926 1038 1015 22²)
1067 928 1172 1012 prima

89 1058 103 1100 s
132 1033 264 1099 fabulae
293 1057 397 1120 usque
425 1035 466 1100 ad
494 1059 523 1100 v.
547 1037 612 1100 279
640 1038 731 1100 nulla
758 1036 888 1100 exhibet
910 1036 1099 1120 posterioris
1122 1056 1170 1098 re·

89 1141 190 1208 sionis
215 1140 342 1206 indicia.
386 1140 477 1207 Idem
501 1165 573 1208 eum
597 1143 631 1207 in
660 1166 688 1206 v.
712 1144 888 1208 487-729
918 1143 1013 1208 eadat
1034 1163 1170 1225 eumque

89 1272 139 1315 ies
170 1248 391 1314 dubitationes
424 1270 463 1313 ex
495 1249 603 1314 media
634 1250 762 1315 fabulae
795 1254 887 1334 parte
915 1249 1171 1333 proficiscantur,

115 1357 250 1440 ipss0re
277 1377 383 1420 meam
411 1356 449 1420 de
477 1357 708 1421 retractatione
736 1357 920 1441 opinionem
951 1379 1016 1422 non
1050 1354 1170 1420 medio·

89 1485 123 1527 er
147 1463 331 1528 confirmari
354 1461 513 1528 existimo.

115 1558 304 1635 Graecum
337 1570 532 1653 exemplar
565 1570 650 1652 quod
682 1570 869 1655 ignoramus
902 1570 1074 1635 dolendum
1107 1572 1170 1635 est:

89 1699 104 1740 o
131 1677 248 1742 merito
278 1676 355 1741 lieet
377 1677 561 1741 universam
587 1677 718 1741 fabulae
742 1677 882 1743 indolem
907 1678 1085 1763 carpserint
1108 1676 1170 1741 viri

89 1785 125 1866 ti,
147 1783 294 1868 singulas
317 1789 427 1848 tamen
451 1788 560 1867 partes
584 1784 666 1848 mira
690 1783 827 1867 quadam
852 1783 1012 1848 suavitate
1036 1786 1069 1846 et
1090 1781 1171 1845 hila-

89 1892 125 1954 10
147 1889 293 1976 insignes
317 1911 387 1954 esse
411 1911 506 1955 nemo
535 1890 678 1975 negabit.
723 1890 838 1954 Paullo
862 1893 937 1974 post
960 1913 1080 1954 aunum
1105 1889 1169 1954 303

89 1996 172 2060 ulam
195 2017 268 2062 esse
291 1996 419 2061 doctam
442 2017 505 2061 non
530 1997 599 2060 sine
618 1997 685 2060 veri
705 1997 811 2079 speeie
831 2018 868 2060 ex
888 2017 915 2059 v.
931 1996 996 2060 395
1015 1995 1170 2060 conicias:

89 2128 96 2166 1
115 2103 153 2167 de
176 2123 211 2168 re
235 2102 274 2168 of.
291 2103 482 2187 Droysenus
506 2101 714 2187 (Gesohiehte
739 2102 793 2167 des
817 2103 901 2168 Hell.
925 2103 989 2167 vol.
1008 2101 1037 2165 Ι1
1060 2124 1090 2185 p.
1106 2102 1169 2165 507

89 2206 118 2294 1.)
139 2213 174 2274 01
195 2206 358 2275 Usenerus
383 2206 556 2295 (Symbola
579 2208 691 2292 philol.
715 2207 817 2274 Bonn.
841 2232 871 2292 p.
895 2207 984 2294 592).

118 2315 186 2381 Nee
204 2317 310 2400 magis
330 2315 368 2380 de
388 2318 497 2380 actae
515 2313 674 2379 fabulae
694 2337 791 2380 anno
811 2319 949 2380 constat.
981 2313 1067 2378 Nam
1086 2314 1170 2398 quod

92 2420 249 2486 offelius
273 2442 312 2484 ex
335 2444 364 2485 v.
378 2421 496 2505 509sq.
521 2418 626 2506 (Stud.
651 2421 717 2485 und
741 2419 835 2486 Char.
859 2420 939 2507 262)
963 2421 1073 2505 paullo
1096 2423 1172 2502 post

89 2546 137 2606 :em
159 2525 384 2612 Semproniam
412 2549 484 2592 eam
512 2527 631 2591 editam
656 2550 726 2592 esse
750 2529 887 2592 coniecit
908 2528 1033 2592 ratione
1057 2527 1173 2590 nitltur

89 2632 131 2697 uis
151 2633 288 2698 lubrica:
311 2656 369 2699 neo
392 2635 517 2699 firmior
540 2657 651 2699 eorum
675 2634 760 2699 ratio
784 2638 833 2698 est
857 2634 911 2717 qui
935 2657 955 2698 a
978 2653 1170 2698 commemo-

89 2739 115 2802 is
134 2741 274 2805 nummis
297 2740 477 2824 Philippeis
501 2741 543 2825 (v.
557 2741 638 2824 440)
662 2740 918 2824 proficiscuntur.
950 2739 1090 2802 Versum
1104 2739 1170 2802 480

89 2847 212 2911 1011111111]
241 2869 313 2911 osse
342 2847 370 2911 si
394 2851 571 2930 constaret,
598 2851 674 2930 post
697 2847 760 2911 561
792 2852 898 2911 aetam
922 2868 992 2910 esso
1016 2850 1172 2910 statuere·

89 2971 121 3015 is:
148 2975 223 3017 nam
248 2975 312 3036 quo
335 2956 481 3036 tempore
505 2957 630 3018 veteres
654 2954 807 3018 tabernae
832 2951 989 3018 ‘veteres'
1013 2952 1173 3037 dicuntur,

89 3054 144 3122 lem
170 3081 274 3124 novae
302 3060 368 3123 iam
401 3061 601 3125 exstiterunt.
648 3060 757 3124 Novas
782 3063 889 3123 autem
919 3060 1088 3122 0111101161
1121 3082 1172 3123 ex·

89 3167 169 3229 uetus
194 3187 264 3229 esse
288 3187 326 3229 ex
351 3165 440 3230 Festi
463 3167 651 3231 testimonio
675 3167 789 3231 dooere
813 3170 946 3231 conatus
971 3170 1022 3229 est
1045 3165 1171 3230 Urlich-

89 3267 203 3335 sMus.
226 3270 329 3335 Rhen.
352 3272 450 3337 volt
474 3270 516 3358 (a.
544 3271 642 3354 1847)
667 3295 696 3355 p.
724 3273 793 3336 157.

123 3374 329 3441 Testimoniis
353 3377 433 3441 adde
456 3378 548 3442 haee:

106 3483 147 3546 11.
191 3484 328 3549 Glossae
356 3483 584 3549 luvenalianae
614 3487 660 3550 ed.
689 3487 730 3550 ab
759 3485 799 3550 Η.
824 3485 931 3550 Keilio
952 3487 1060 3559 ‚Hulis
1088 3489 1171 3552 1816

89 3608 112 3667 o.
131 3589 188 3655 Vl:
211 3592 376 3657 melculo
396 3594 520 3656 :melle
544 3594 627 3657 albo.

99 3695 147 3760 30.
191 3698 437 3762 intestabilis
458 3717 467 3762 z
487 3700 557 3762 sino
580 3699 642 3763 fide
666 3703 699 3763 et
722 3700 919 3764 testimonio,
953 3699 1001 3765 cf.
1025 3702 1173 3765 Loewius

89 3797 169 3866 lnal.
194 3803 241 3867 Pl.
264 3827 297 3888 p.
319 3805 394 3869 210.

123 3908 170 3974 Ad
190 3910 396 3977 Cureulionis
420 3933 538 3976 nomen
560 3917 708 3995 spectant
723 3913 949 3978 Ausonianu
967 3914 1048 3977 liaeo
1067 3910 1173 3998 (epist.

96 4038 108 4078 t
129 4015 236 4094 ‘Quod
260 4018 327 4082 nisi
350 4018 523 4082 indulseris
547 4023 683 4103 rogante
708 4042 758 4083 me
783 4024 818 4083 ut
842 4022 874 4082 et
893 4042 984 4084 mora
1002 4019 1172 4082 habitandi

95 4125 300 4189 commodum
324 4147 417 4189 suum
441 4130 552 4189 utatur
576 4130 608 4190 01
631 4148 733 4191 nauso
757 4127 860 4190 aliave
885 4127 998 4210 quavis
1022 4127 1096 4189 navi
1120 4147 1171 4187 us·

89 4253 92 4282 e
125 4231 162 4294 ad
190 4231 343 4315 oppidum
370 4233 519 4316 praebita
557 4232 659 4317 frugis
689 4234 926 4317 aliquantulum
955 4236 1084 4296 nostrae
1117 4231 1171 4295 ad-

92 4334 109 4397 i
132 4339 241 4423 possit,
265 4337 466 4402 Lucaniacus
491 4342 527 4402 ut
551 4339 662 4422 inopia
686 4339 841 4403 liberetur
860 4345 1000 4403 mature:
1024 4343 1095 4403 tota
1118 4339 1174 4403 illa

89 4441 159 4507 iilia
180 4445 321 4510 hominis
344 4445 481 4509 litterati
504 4467 569 4509 11011
592 4445 632 4509 ad
652 4444 751 4508 Tullii
776 4445 1030 4528 frumentariam,
1054 4445 1108 4508 sed
1133 4445 1173 4508 ad

92 4551 307 4616 reulionem
330 4550 461 4616 Plauti
485 4549 680 4634 pertinebit’

89 4668 243 4686 ,Ἣ-

109 4743 138 4805 2)
155 4743 229 4798 Addo
243 4743 357 4798 Maxim.
373 4744 522 4812 Niemeyer
535 4744 744 4798 Beroliuensem
764 4745 883 4814 epistola
897 4744 933 4798 ad
948 4744 1088 4799 Loewium
1108 4745 1175 4800 dats

89 4820 189 4872 ponere
202 4815 268 4869 boe:
308 4832 373 4869 uom
388 4817 478 4869 amics
492 4832 515 4871 e.
526 4834 551 4883 q.
564 4836 584 4871 s.
609 4815 685 4868 Idem
701 4835 725 4870 v.
737 4822 782 4870 76:
803 4818 878 4869 Anus
897 4817 943 4869 hie
962 4816 1086 4870 cubitare
1101 4820 1172 4884 quae

89 4878 115 4928 ³l
129 4896 201 4950 eqo.
220 4833 351 4941 Eiusiem
366 4886 419 4940 viri
433 4887 509 4940 doeti
520 4888 693 4942 coniecturas
704 4887 920 4942 commemoravi
931 4888 966 4940 ad
977 4906 1001 4940 v.
1013 4894 1064 4941 447
1076 4893 1104 4943 01
1114 4896 1174 4943 5013.
