<?xml version="1.0" encoding="UTF-8"?>
<!DOCTYPE html PUBLIC "-//W3C//DTD XHTML 1.0 Transitional//EN"
    "http://www.w3.org/TR/xhtml1/DTD/xhtml1-transitional.dtd">
<html xmlns="http://www.w3.org/1999/xhtml" xml:lang="en" lang="en">
 <head>
  <title>
</title>
<meta http-equiv="Content-Type" content="text/html;charset=utf-8" />
  <meta name='ocr-system' content='tesseract 3.04.00' />
  <meta name='ocr-capabilities' content='ocr_page ocr_carea ocr_par ocr_line ocrx_word'/>
</head>
<body>
  <div class='ocr_page' id='page_1' title='image "./tmacciplauticom00schgoog_0695.png"; bbox 0 0 2956 5678; ppageno 0'>
   <div class='ocr_carea' id='block_1_1' title="bbox 171 304 1321 371">
    <p class='ocr_par' dir='ltr' id='par_1_1' title="bbox 171 304 1321 371">
     <span class='ocr_line' id='line_1_1' title="bbox 171 304 1321 371; baseline 0.003 -11"><span class='ocrx_word' id='word_1_1' title='bbox 171 307 233 371; x_wconf 77' lang='grc'><strong><em>162</em></strong></span> <span class='ocrx_word' id='word_1_2' title='bbox 648 304 834 361; x_wconf 79' lang='lat' dir='ltr'><strong><em>APPENDIX</em></strong></span> <span class='ocrx_word' id='word_1_3' title='bbox 1170 315 1261 363; x_wconf 85' lang='grc'><strong><em>317-</em></strong></span> <span class='ocrx_word' id='word_1_4' title='bbox 1274 316 1321 363; x_wconf 83' lang='grc'><strong><em>350</em></strong></span> 
     </span>
    </p>
   </div>
   <div class='ocr_carea' id='block_1_2' title="bbox 158 468 1313 4459">
    <p class='ocr_par' dir='ltr' id='par_1_2' title="bbox 166 468 1313 780">
     <span class='ocr_line' id='line_1_2' title="bbox 167 468 1312 538; baseline 0.003 -16"><span class='ocrx_word' id='word_1_5' title='bbox 167 470 316 537; x_wconf 81' lang='lat' dir='ltr'><strong><em>stipulatus</em></strong></span> <span class='ocrx_word' id='word_1_6' title='bbox 341 469 519 535; x_wconf 81' lang='lat' dir='ltr'><strong><em>Ribbeekius,</em></strong></span> <span class='ocrx_word' id='word_1_7' title='bbox 543 469 591 538; x_wconf 87' lang='lat' dir='ltr'><strong><em>qui</em></strong></span> <span class='ocrx_word' id='word_1_8' title='bbox 614 474 704 521; x_wconf 88' lang='lat' dir='ltr'><strong><em>tamen</em></strong></span> <span class='ocrx_word' id='word_1_9' title='bbox 726 468 863 536; x_wconf 81' lang='lat' dir='ltr'><strong><em>improbat</em></strong></span> <span class='ocrx_word' id='word_1_10' title='bbox 885 470 958 538; x_wconf 89' lang='lat' dir='ltr'><strong><em>quod</em></strong></span> <span class='ocrx_word' id='word_1_11' title='bbox 981 468 1040 534; x_wconf 82' lang='lat' dir='ltr'><strong><em>ille,</em></strong></span> <span class='ocrx_word' id='word_1_12' title='bbox 1062 475 1094 523; x_wconf 85' lang='lat' dir='ltr'><strong><em>ut</em></strong></span> <span class='ocrx_word' id='word_1_13' title='bbox 1116 487 1144 526; x_wconf 86' lang='lat' dir='ltr'><strong><em>u.</em></strong></span> <span class='ocrx_word' id='word_1_14' title='bbox 1164 474 1312 525; x_wconf 78' lang='grc'><strong><em>297-308</em></strong></span> 
     </span>
     <span class='ocr_line' id='line_1_3' title="bbox 167 548 1313 619; baseline 0.001 -16"><span class='ocrx_word' id='word_1_15' title='bbox 167 549 264 619; x_wconf 85' lang='grc'><strong><em>[309].</em></strong></span> <span class='ocrx_word' id='word_1_16' title='bbox 284 553 440 614; x_wconf 85' lang='grc'><strong><em>310-316,</em></strong></span> <span class='ocrx_word' id='word_1_17' title='bbox 459 551 500 602; x_wconf 88' lang='lat' dir='ltr'><strong><em>ita</em></strong></span> <span class='ocrx_word' id='word_1_18' title='bbox 514 565 538 604; x_wconf 86' lang='lat' dir='ltr'><strong><em>v.</em></strong></span> <span class='ocrx_word' id='word_1_19' title='bbox 554 553 695 601; x_wconf 77' lang='lat' dir='ltr'><strong><em>stu—stu</em></strong></span> <span class='ocrx_word' id='word_1_20' title='bbox 714 548 767 601; x_wconf 84' lang='lat' dir='ltr'><strong><em>alii</em></strong></span> <span class='ocrx_word' id='word_1_21' title='bbox 784 549 935 603; x_wconf 72' lang='lat' dir='ltr'><strong><em>recensioni</em></strong></span> <span class='ocrx_word' id='word_1_22' title='bbox 952 550 1066 603; x_wconf 84' lang='lat' dir='ltr'><strong><em>tribuit:</em></strong></span> <span class='ocrx_word' id='word_1_23' title='bbox 1084 555 1237 605; x_wconf 75' lang='lat' dir='ltr'><strong><em>extremum</em></strong></span> <span class='ocrx_word' id='word_1_24' title='bbox 1253 567 1313 605; x_wconf 81' lang='lat' dir='ltr'><strong><em>nero</em></strong></span> 
     </span>
     <span class='ocr_line' id='line_1_4' title="bbox 166 627 1313 700; baseline 0.004 -20"><span class='ocrx_word' id='word_1_25' title='bbox 166 630 263 684; x_wconf 65' lang='lat' dir='ltr'><strong><em>luorum</em></strong></span> <span class='ocrx_word' id='word_1_26' title='bbox 287 646 412 684; x_wconf 67' lang='lat' dir='ltr'><strong><em>ausuum</em></strong></span> <span class='ocrx_word' id='word_1_27' title='bbox 440 629 610 684; x_wconf 84' lang='lat' dir='ltr'><strong><em>Messenioni</em></strong></span> <span class='ocrx_word' id='word_1_28' title='bbox 628 645 688 682; x_wconf 86' lang='lat' dir='ltr'><strong><em>cum</em></strong></span> <span class='ocrx_word' id='word_1_29' title='bbox 714 627 744 681; x_wconf 88' lang='lat' dir='ltr'><em>F</em></span> <span class='ocrx_word' id='word_1_30' title='bbox 765 627 930 683; x_wconf 79' lang='lat' dir='ltr'><strong><em>Ribbeckius</em></strong></span> <span class='ocrx_word' id='word_1_31' title='bbox 953 629 1151 700; x_wconf 79' lang='lat' dir='ltr'><strong><em>Vssinqiutque</em></strong></span> <span class='ocrx_word' id='word_1_32' title='bbox 1169 631 1256 685; x_wconf 84' lang='lat' dir='ltr'><strong><em>dant:</em></strong></span> <span class='ocrx_word' id='word_1_33' title='bbox 1280 632 1313 696; x_wconf 80' lang='lat' dir='ltr'><strong><em>es.</em></strong></span> 
     </span>
     <span class='ocr_line' id='line_1_5' title="bbox 167 708 590 780; baseline 0.002 -20"><span class='ocrx_word' id='word_1_34' title='bbox 167 709 316 780; x_wconf 84' lang='lat' dir='ltr'><strong><em>Lanqeuus</em></strong></span> <span class='ocrx_word' id='word_1_35' title='bbox 334 709 412 764; x_wconf 85' lang='lat' dir='ltr'><strong><em>Stud.</em></strong></span> <span class='ocrx_word' id='word_1_36' title='bbox 434 708 479 762; x_wconf 89' lang='lat' dir='ltr'><strong><em>Pl.</em></strong></span> <span class='ocrx_word' id='word_1_37' title='bbox 497 726 524 777; x_wconf 82' lang='lat' dir='ltr'><strong><em>p.</em></strong></span> <span class='ocrx_word' id='word_1_38' title='bbox 544 713 590 764; x_wconf 79' lang='grc'><strong><em>42.</em></strong></span> 
     </span>
    </p>

    <p class='ocr_par' dir='ltr' id='par_1_3' title="bbox 165 787 1308 1257">
     <span class='ocr_line' id='line_1_6' title="bbox 255 787 1308 858; baseline 0.002 -16"><span class='ocrx_word' id='word_1_39' title='bbox 255 795 315 842; x_wconf 85' lang='grc'><strong><em>319,</em></strong></span> <span class='ocrx_word' id='word_1_40' title='bbox 335 788 414 844; x_wconf 77' lang='lat' dir='ltr'><strong><em>Mun.</em></strong></span> <span class='ocrx_word' id='word_1_41' title='bbox 435 788 506 853; x_wconf 81' lang='lat' dir='ltr'><strong><em>Quid</em></strong></span> <span class='ocrx_word' id='word_1_42' title='bbox 527 788 568 843; x_wconf 80' lang='lat' dir='ltr'><strong><em>uis</em></strong></span> <span class='ocrx_word' id='word_1_43' title='bbox 586 792 635 843; x_wconf 76' lang='lat' dir='ltr'><strong><em>tu?</em></strong></span> <span class='ocrx_word' id='word_1_44' title='bbox 654 787 722 857; x_wconf 87' lang='lat' dir='ltr'><strong><em>quid</em></strong></span> <span class='ocrx_word' id='word_1_45' title='bbox 740 788 784 841; x_wconf 85' lang='lat' dir='ltr'><strong><em>uis</em></strong></span> <span class='ocrx_word' id='word_1_46' title='bbox 802 788 921 842; x_wconf 73' lang='lat' dir='ltr'><strong><em>Batinus</em></strong></span> <span class='ocrx_word' id='word_1_47' title='bbox 942 789 1016 844; x_wconf 80' lang='lat' dir='ltr'><strong><em>olim.</em></strong></span> <span class='ocrx_word' id='word_1_48' title='bbox 1038 820 1069 828; x_wconf 92' lang='lat'>—</span> <span class='ocrx_word' id='word_1_49' title='bbox 1090 787 1166 853; x_wconf 84' lang='lat' dir='ltr'>Quid</span> <span class='ocrx_word' id='word_1_50' title='bbox 1185 790 1243 858; x_wconf 85' lang='lat' dir='ltr'><strong><em>uis,</em></strong></span> <span class='ocrx_word' id='word_1_51' title='bbox 1265 807 1308 844; x_wconf 64' lang='lat' dir='ltr'><strong><em>no</em></strong></span> 
     </span>
     <span class='ocr_line' id='line_1_7' title="bbox 167 867 1307 938; baseline 0.003 -16"><span class='ocrx_word' id='word_1_52' title='bbox 167 877 269 938; x_wconf 79' lang='lat' dir='ltr'><strong><em>quum?</em></strong></span> <span class='ocrx_word' id='word_1_53' title='bbox 294 868 331 923; x_wconf 72' lang='grc' dir='ltr'><strong><em>Ἦ.</em></strong></span> <span class='ocrx_word' id='word_1_54' title='bbox 352 867 425 933; x_wconf 81' lang='lat' dir='ltr'><strong><em>Quid</em></strong></span> <span class='ocrx_word' id='word_1_55' title='bbox 443 867 495 922; x_wconf 86' lang='lat' dir='ltr'><strong><em>uis.</em></strong></span> <span class='ocrx_word' id='word_1_56' title='bbox 523 868 572 922; x_wconf 74' lang='lat' dir='ltr'><strong><em>Cu.</em></strong></span> <span class='ocrx_word' id='word_1_57' title='bbox 592 869 683 922; x_wconf 79' lang='lat' dir='ltr'><strong><em>dicum</em></strong></span> <span class='ocrx_word' id='word_1_58' title='bbox 706 867 858 938; x_wconf 79' lang='lat' dir='ltr'><strong><em>Vssinqiue.</em></strong></span> <span class='ocrx_word' id='word_1_59' title='bbox 885 868 958 932; x_wconf 85' lang='lat' dir='ltr'>Quid</span> <span class='ocrx_word' id='word_1_60' title='bbox 983 869 1040 937; x_wconf 84' lang='lat' dir='ltr'><strong><em>uis,</em></strong></span> <span class='ocrx_word' id='word_1_61' title='bbox 1066 870 1153 938; x_wconf 86' lang='lat' dir='ltr'><strong><em>inque</em></strong></span> <span class='ocrx_word' id='word_1_62' title='bbox 1177 870 1307 925; x_wconf 80' lang='lat' dir='ltr'><strong><em>Goeteius.</em></strong></span> 
     </span>
     <span class='ocr_line' id='line_1_8' title="bbox 166 946 1306 1017; baseline 0.004 -17"><span class='ocrx_word' id='word_1_63' title='bbox 166 947 239 1011; x_wconf 77' lang='lat' dir='ltr'><strong><em>Quid</em></strong></span> <span class='ocrx_word' id='word_1_64' title='bbox 256 948 308 1014; x_wconf 83' lang='lat' dir='ltr'><strong><em>uis,</em></strong></span> <span class='ocrx_word' id='word_1_65' title='bbox 328 946 443 1016; x_wconf 87' lang='lat' dir='ltr'><strong><em>inquam</em></strong></span> <span class='ocrx_word' id='word_1_66' title='bbox 462 950 590 1017; x_wconf 76' lang='lat' dir='ltr'><strong><em>exemplis</em></strong></span> <span class='ocrx_word' id='word_1_67' title='bbox 608 956 665 1002; x_wconf 84' lang='lat' dir='ltr'><strong><em>tarn</em></strong></span> <span class='ocrx_word' id='word_1_68' title='bbox 682 949 754 1002; x_wconf 87' lang='lat' dir='ltr'><strong><em>inter</em></strong></span> <span class='ocrx_word' id='word_1_69' title='bbox 771 965 799 1002; x_wconf 88' lang='lat' dir='ltr'><strong><em>se</em></strong></span> <span class='ocrx_word' id='word_1_70' title='bbox 816 965 898 1016; x_wconf 88' lang='lat' dir='ltr'><strong><em>quam</em></strong></span> <span class='ocrx_word' id='word_1_71' title='bbox 916 948 951 1002; x_wconf 83' lang='lat' dir='ltr'><strong><em>ao</em></strong></span> <span class='ocrx_word' id='word_1_72' title='bbox 968 949 1024 1002; x_wconf 71' lang='lat' dir='ltr'><strong><em>lucc</em></strong></span> <span class='ocrx_word' id='word_1_73' title='bbox 1042 949 1100 1003; x_wconf 85' lang='lat' dir='ltr'><strong><em>loco</em></strong></span> <span class='ocrx_word' id='word_1_74' title='bbox 1119 950 1306 1005; x_wconf 69' lang='lat' dir='ltr'><strong><em>dissimillimis</em></strong></span> 
     </span>
     <span class='ocr_line' id='line_1_9' title="bbox 166 1028 1304 1097; baseline 0.003 -14"><span class='ocrx_word' id='word_1_75' title='bbox 166 1031 219 1096; x_wconf 72' lang='lat' dir='ltr'><strong><em>des.</em></strong></span> <span class='ocrx_word' id='word_1_76' title='bbox 244 1029 382 1084; x_wconf 80' lang='lat' dir='ltr'><strong><em>Valtlenus</em></strong></span> <span class='ocrx_word' id='word_1_77' title='bbox 400 1029 494 1083; x_wconf 87' lang='lat' dir='ltr'><strong><em>Herm.</em></strong></span> <span class='ocrx_word' id='word_1_78' title='bbox 516 1029 618 1082; x_wconf 83' lang='lat' dir='ltr'><em>XVII</em></span> <span class='ocrx_word' id='word_1_79' title='bbox 628 1047 657 1097; x_wconf 79' lang='lat' dir='ltr'><strong><em>p.</em></strong></span> <span class='ocrx_word' id='word_1_80' title='bbox 670 1033 722 1083; x_wconf 84' lang='grc'><strong><em>019</em></strong></span> <span class='ocrx_word' id='word_1_81' title='bbox 731 1043 769 1096; x_wconf 85' lang='lat' dir='ltr'><strong><em>sq.</em></strong></span> <span class='ocrx_word' id='word_1_82' title='bbox 788 1028 828 1081; x_wconf 88' lang='lat' dir='ltr'><strong><em>sie</em></strong></span> <span class='ocrx_word' id='word_1_83' title='bbox 845 1028 934 1082; x_wconf 84' lang='lat' dir='ltr'><strong><em>iocari</em></strong></span> <span class='ocrx_word' id='word_1_84' title='bbox 951 1032 1074 1083; x_wconf 80' lang='lat' dir='ltr'><strong><em>statuens</em></strong></span> <span class='ocrx_word' id='word_1_85' title='bbox 1094 1029 1304 1095; x_wconf 65' lang='lat' dir='ltr'><strong><em>Menaechmum,</em></strong></span> 
     </span>
     <span class='ocr_line' id='line_1_10' title="bbox 165 1109 1302 1180; baseline 0.004 -18"><span class='ocrx_word' id='word_1_86' title='bbox 165 1109 246 1176; x_wconf 80' lang='lat' dir='ltr'><strong><em>quasi</em></strong></span> <span class='ocrx_word' id='word_1_87' title='bbox 264 1109 374 1163; x_wconf 78' lang='lat' dir='ltr'><strong><em>munina</em></strong></span> <span class='ocrx_word' id='word_1_88' title='bbox 392 1109 441 1162; x_wconf 77' lang='lat' dir='ltr'><strong><em>hoe</em></strong></span> <span class='ocrx_word' id='word_1_89' title='bbox 459 1110 516 1163; x_wconf 90' lang='lat' dir='ltr'><strong><em>loeo</em></strong></span> <span class='ocrx_word' id='word_1_90' title='bbox 534 1109 580 1162; x_wconf 85' lang='lat' dir='ltr'><strong><em>ille</em></strong></span> <span class='ocrx_word' id='word_1_91' title='bbox 598 1110 685 1174; x_wconf 78' lang='lat' dir='ltr'><strong><em>faeiat</em></strong></span> <span class='ocrx_word' id='word_1_92' title='bbox 708 1109 781 1177; x_wconf 90' lang='lat' dir='ltr'><strong><em>quod</em></strong></span> <span class='ocrx_word' id='word_1_93' title='bbox 803 1124 862 1161; x_wconf 79' lang='lat' dir='ltr'><strong><em>eunt</em></strong></span> <span class='ocrx_word' id='word_1_94' title='bbox 884 1109 974 1174; x_wconf 78' lang='lat' dir='ltr'><strong><em>facere</em></strong></span> <span class='ocrx_word' id='word_1_95' title='bbox 991 1124 1016 1162; x_wconf 88' lang='lat' dir='ltr'><strong><em>v.</em></strong></span> <span class='ocrx_word' id='word_1_96' title='bbox 1035 1113 1092 1164; x_wconf 89' lang='grc'><strong><em>317</em></strong></span> <span class='ocrx_word' id='word_1_97' title='bbox 1097 1125 1137 1180; x_wconf 86' lang='lat' dir='ltr'><strong><em>sq.</em></strong></span> <span class='ocrx_word' id='word_1_98' title='bbox 1157 1127 1236 1166; x_wconf 65' lang='lat' dir='ltr'><strong><em>cous</em></strong></span> <span class='ocrx_word' id='word_1_99' title='bbox 1251 1113 1302 1180; x_wconf 78' lang='lat' dir='ltr'><strong><em>opi·</em></strong></span> 
     </span>
     <span class='ocr_line' id='line_1_11' title="bbox 165 1187 552 1257; baseline 0.008 -17"><span class='ocrx_word' id='word_1_100' title='bbox 165 1191 265 1242; x_wconf 83' lang='lat' dir='ltr'><strong><em>untur!</em></strong></span> <span class='ocrx_word' id='word_1_101' title='bbox 292 1187 333 1255; x_wconf 72' lang='lat' dir='ltr'><strong><em>Ol.</em></strong></span> <span class='ocrx_word' id='word_1_102' title='bbox 352 1189 390 1243; x_wconf 87' lang='lat' dir='ltr'><strong><em>ud</em></strong></span> <span class='ocrx_word' id='word_1_103' title='bbox 407 1206 432 1243; x_wconf 89' lang='lat' dir='ltr'><strong><em>o.</em></strong></span> <span class='ocrx_word' id='word_1_104' title='bbox 452 1191 552 1257; x_wconf 69' lang='lat' dir='ltr'><strong><em>dllsq.</em></strong></span> 
     </span>
    </p>

    <p class='ocr_par' dir='ltr' id='par_1_4' title="bbox 164 1267 1299 1579">
     <span class='ocr_line' id='line_1_12' title="bbox 255 1267 1299 1339; baseline 0.005 -18"><span class='ocrx_word' id='word_1_105' title='bbox 255 1273 315 1322; x_wconf 80' lang='lat'>320.</span> <span class='ocrx_word' id='word_1_106' title='bbox 343 1267 443 1322; x_wconf 78' lang='lat' dir='ltr'><strong><em>Tribus</em></strong></span> <span class='ocrx_word' id='word_1_107' title='bbox 471 1269 668 1338; x_wconf 81' lang='lat' dir='ltr'><strong><em>opsonatumst</em></strong></span> <span class='ocrx_word' id='word_1_108' title='bbox 695 1283 730 1320; x_wconf 79' lang='lat' dir='ltr'><strong><em>un</em></strong></span> <span class='ocrx_word' id='word_1_109' title='bbox 759 1267 844 1323; x_wconf 79' lang='lat' dir='ltr'><strong><em>etium</em></strong></span> <span class='ocrx_word' id='word_1_110' title='bbox 872 1284 978 1338; x_wconf 86' lang='lat' dir='ltr'><strong><em>opsono</em></strong></span> <span class='ocrx_word' id='word_1_111' title='bbox 1004 1269 1128 1339; x_wconf 77' lang='lat' dir='ltr'><strong><em>amplius</em></strong></span> <span class='ocrx_word' id='word_1_112' title='bbox 1154 1270 1197 1326; x_wconf 64' lang='grc' dir='ltr'><strong><em>Ἐς</em></strong></span> <span class='ocrx_word' id='word_1_113' title='bbox 1220 1277 1249 1326; x_wconf 85' lang='lat' dir='ltr'><strong><em>at</em></strong></span> <span class='ocrx_word' id='word_1_114' title='bbox 1270 1273 1299 1335; x_wconf 81' lang='lat' dir='ltr'><strong><em>cs.</em></strong></span> 
     </span>
     <span class='ocr_line' id='line_1_13' title="bbox 165 1346 1296 1418; baseline 0 -16"><span class='ocrx_word' id='word_1_115' title='bbox 165 1348 316 1402; x_wconf 76' lang='lat' dir='ltr'><strong><em>Muellerus</em></strong></span> <span class='ocrx_word' id='word_1_116' title='bbox 334 1348 411 1403; x_wconf 82' lang='lat' dir='ltr'><strong><em>Pros.</em></strong></span> <span class='ocrx_word' id='word_1_117' title='bbox 427 1365 457 1417; x_wconf 77' lang='lat' dir='ltr'><strong><em>p.</em></strong></span> <span class='ocrx_word' id='word_1_118' title='bbox 479 1353 551 1416; x_wconf 87' lang='grc'><strong><em>365,</em></strong></span> <span class='ocrx_word' id='word_1_119' title='bbox 577 1349 712 1402; x_wconf 79' lang='lat' dir='ltr'><strong><em>Christius</em></strong></span> <span class='ocrx_word' id='word_1_120' title='bbox 730 1347 804 1402; x_wconf 86' lang='lat' dir='ltr'><strong><em>Mus.</em></strong></span> <span class='ocrx_word' id='word_1_121' title='bbox 824 1346 911 1402; x_wconf 71' lang='lat' dir='ltr'><strong><em>Rieu.</em></strong></span> <span class='ocrx_word' id='word_1_122' title='bbox 935 1348 1056 1402; x_wconf 84' lang='lat' dir='ltr'><strong><em>XXIII</em></strong></span> <span class='ocrx_word' id='word_1_123' title='bbox 1064 1366 1095 1418; x_wconf 79' lang='lat' dir='ltr'><strong><em>p.</em></strong></span> <span class='ocrx_word' id='word_1_124' title='bbox 1115 1355 1186 1416; x_wconf 87' lang='grc'><strong><em>570,</em></strong></span> <span class='ocrx_word' id='word_1_125' title='bbox 1215 1349 1296 1404; x_wconf 75' lang='lat' dir='ltr'><strong><em>Valle</em></strong></span> 
     </span>
     <span class='ocr_line' id='line_1_14' title="bbox 164 1428 1294 1499; baseline 0.001 -17"><span class='ocrx_word' id='word_1_126' title='bbox 164 1445 219 1482; x_wconf 82' lang='lat' dir='ltr'><strong><em>nus</em></strong></span> <span class='ocrx_word' id='word_1_127' title='bbox 247 1429 312 1483; x_wconf 86' lang='lat' dir='ltr'><strong><em>Iud.</em></strong></span> <span class='ocrx_word' id='word_1_128' title='bbox 344 1429 402 1483; x_wconf 83' lang='lat' dir='ltr'><strong><em>leet.</em></strong></span> <span class='ocrx_word' id='word_1_129' title='bbox 431 1434 494 1482; x_wconf 90' lang='lat' dir='ltr'><strong><em>aest.</em></strong></span> <span class='ocrx_word' id='word_1_130' title='bbox 525 1447 550 1483; x_wconf 85' lang='lat' dir='ltr'><strong><em>a.</em></strong></span> <span class='ocrx_word' id='word_1_131' title='bbox 576 1433 699 1498; x_wconf 77' lang='grc' dir='ltr'><em>188ομ</em></span> <span class='ocrx_word' id='word_1_132' title='bbox 725 1433 807 1497; x_wconf 87' lang='lat' dir='ltr'><strong><em>17sq.</em></strong></span> <span class='ocrx_word' id='word_1_133' title='bbox 831 1429 978 1496; x_wconf 74' lang='lat' dir='ltr'><strong><em>(inutiliter</em></strong></span> <span class='ocrx_word' id='word_1_134' title='bbox 1001 1446 1038 1483; x_wconf 83' lang='lat' dir='ltr'><strong><em>nn</em></strong></span> <span class='ocrx_word' id='word_1_135' title='bbox 1063 1446 1171 1499; x_wconf 78' lang='lat' dir='ltr'><strong><em>opsono</em></strong></span> <span class='ocrx_word' id='word_1_136' title='bbox 1189 1428 1294 1499; x_wconf 75' lang='lat' dir='ltr'><strong><em>amplius</em></strong></span> 
     </span>
     <span class='ocr_line' id='line_1_15' title="bbox 164 1509 344 1579; baseline 0.006 -17"><span class='ocrx_word' id='word_1_137' title='bbox 164 1509 344 1579; x_wconf 82' lang='lat' dir='ltr'><strong><em>disiunqeus).</em></strong></span> 
     </span>
    </p>

    <p class='ocr_par' dir='ltr' id='par_1_5' title="bbox 163 1586 1289 1818">
     <span class='ocr_line' id='line_1_16' title="bbox 253 1586 1289 1656; baseline 0.001 -16"><span class='ocrx_word' id='word_1_138' title='bbox 253 1592 314 1641; x_wconf 76' lang='lat'><strong>321.</strong></span> <span class='ocrx_word' id='word_1_139' title='bbox 343 1586 405 1642; x_wconf 82' lang='lat' dir='ltr'><strong><em>Tibi</em></strong></span> <span class='ocrx_word' id='word_1_140' title='bbox 430 1589 459 1641; x_wconf 83' lang='lat' dir='ltr'><strong><em>et</em></strong></span> <span class='ocrx_word' id='word_1_141' title='bbox 486 1587 611 1656; x_wconf 74' lang='lat' dir='ltr'><strong><em>puaaito</em></strong></span> <span class='ocrx_word' id='word_1_142' title='bbox 635 1589 664 1641; x_wconf 77' lang='lat' dir='ltr'><strong><em>ei</em></strong></span> <span class='ocrx_word' id='word_1_143' title='bbox 686 1587 816 1644; x_wconf 83' lang='lat' dir='ltr'><strong><em>mulieri?</em></strong></span> <span class='ocrx_word' id='word_1_144' title='bbox 846 1589 934 1655; x_wconf 78' lang='lat' dir='ltr'><strong><em>iQuas</em></strong></span> <span class='ocrx_word' id='word_1_145' title='bbox 957 1592 989 1643; x_wconf 81' lang='lat' dir='ltr'><strong><em>tu</em></strong></span> <span class='ocrx_word' id='word_1_146' title='bbox 1015 1590 1069 1656; x_wconf 81' lang='lat' dir='ltr'><strong><em>des.</em></strong></span> <span class='ocrx_word' id='word_1_147' title='bbox 1095 1590 1228 1646; x_wconf 74' lang='lat' dir='ltr'><strong><em>Vulrlenus</em></strong></span> <span class='ocrx_word' id='word_1_148' title='bbox 1242 1589 1289 1644; x_wconf 85' lang='lat' dir='ltr'><strong><em>coll.</em></strong></span> 
     </span>
     <span class='ocr_line' id='line_1_17' title="bbox 164 1668 1287 1740; baseline -0.002 -16"><span class='ocrx_word' id='word_1_149' title='bbox 164 1670 265 1724; x_wconf 85' lang='lat' dir='ltr'><strong><em>Pseud.</em></strong></span> <span class='ocrx_word' id='word_1_150' title='bbox 284 1685 310 1723; x_wconf 84' lang='lat' dir='ltr'><strong><em>o.</em></strong></span> <span class='ocrx_word' id='word_1_151' title='bbox 326 1673 398 1723; x_wconf 83' lang='grc'><strong><em>1785</em></strong></span> <span class='ocrx_word' id='word_1_152' title='bbox 417 1669 500 1737; x_wconf 81' lang='lat' dir='ltr'><strong><em>(ates.</em></strong></span> <span class='ocrx_word' id='word_1_153' title='bbox 514 1669 592 1722; x_wconf 81' lang='lat' dir='ltr'><strong><em>Cure.</em></strong></span> <span class='ocrx_word' id='word_1_154' title='bbox 603 1685 627 1722; x_wconf 86' lang='lat' dir='ltr'><strong><em>v.</em></strong></span> <span class='ocrx_word' id='word_1_155' title='bbox 638 1672 712 1735; x_wconf 83' lang='grc'><strong><em>673).</em></strong></span> <span class='ocrx_word' id='word_1_156' title='bbox 749 1668 814 1722; x_wconf 85' lang='lat' dir='ltr'><strong><em>Tibi</em></strong></span> <span class='ocrx_word' id='word_1_157' title='bbox 833 1671 863 1724; x_wconf 78' lang='lat' dir='ltr'><strong><em>et</em></strong></span> <span class='ocrx_word' id='word_1_158' title='bbox 880 1668 993 1722; x_wconf 81' lang='lat' dir='ltr'><strong><em>mulieri</em></strong></span> <span class='ocrx_word' id='word_1_159' title='bbox 1011 1673 1042 1724; x_wconf 83' lang='lat' dir='ltr'><strong><em>et</em></strong></span> <span class='ocrx_word' id='word_1_160' title='bbox 1060 1672 1191 1740; x_wconf 74' lang='lat' dir='ltr'><strong><em>parasito.</em></strong></span> <span class='ocrx_word' id='word_1_161' title='bbox 1216 1670 1287 1734; x_wconf 77' lang='lat' dir='ltr'><strong><em>[Qun</em></strong></span> 
     </span>
     <span class='ocr_line' id='line_1_18' title="bbox 163 1748 723 1818; baseline 0 -15"><span class='ocrx_word' id='word_1_162' title='bbox 163 1753 194 1803; x_wconf 81' lang='lat' dir='ltr'><strong><em>tu</em></strong></span> <span class='ocrx_word' id='word_1_163' title='bbox 213 1748 253 1804; x_wconf 65' lang='lat' dir='ltr'><strong><em>E.</em></strong></span> <span class='ocrx_word' id='word_1_164' title='bbox 290 1749 334 1802; x_wconf 90' lang='lat' dir='ltr'><strong><em>De</em></strong></span> <span class='ocrx_word' id='word_1_165' title='bbox 352 1765 376 1802; x_wconf 90' lang='lat' dir='ltr'><strong><em>o.</em></strong></span> <span class='ocrx_word' id='word_1_166' title='bbox 396 1755 448 1802; x_wconf 77' lang='lat'><strong><em>325</em></strong></span> <span class='ocrx_word' id='word_1_167' title='bbox 468 1749 503 1814; x_wconf 73' lang='lat' dir='ltr'><strong><em>es.</em></strong></span> <span class='ocrx_word' id='word_1_168' title='bbox 523 1749 561 1802; x_wconf 85' lang='lat' dir='ltr'><strong><em>ad</em></strong></span> <span class='ocrx_word' id='word_1_169' title='bbox 577 1765 601 1803; x_wconf 89' lang='lat' dir='ltr'><strong><em>o.</em></strong></span> <span class='ocrx_word' id='word_1_170' title='bbox 622 1753 723 1818; x_wconf 80' lang='lat' dir='ltr'><strong><em>317sq.</em></strong></span> 
     </span>
    </p>

    <p class='ocr_par' dir='ltr' id='par_1_6' title="bbox 163 1828 1284 2139">
     <span class='ocr_line' id='line_1_19' title="bbox 253 1828 1284 1900; baseline 0 -18"><span class='ocrx_word' id='word_1_171' title='bbox 253 1834 312 1884; x_wconf 76' lang='lat'>³26.</span> <span class='ocrx_word' id='word_1_172' title='bbox 333 1843 385 1897; x_wconf 80' lang='lat' dir='ltr'><strong><em>ego</em></strong></span> <span class='ocrx_word' id='word_1_173' title='bbox 405 1845 465 1882; x_wconf 86' lang='lat' dir='ltr'><strong><em>eum</em></strong></span> <span class='ocrx_word' id='word_1_174' title='bbox 483 1829 613 1883; x_wconf 82' lang='lat' dir='ltr'><strong><em>Acidalio</em></strong></span> <span class='ocrx_word' id='word_1_175' title='bbox 632 1828 662 1882; x_wconf 81' lang='lat' dir='ltr'><strong><em>&#39;Il</em></strong></span> <span class='ocrx_word' id='word_1_176' title='bbox 679 1831 793 1897; x_wconf 78' lang='lat' dir='ltr'><strong><em>itemque</em></strong></span> <span class='ocrx_word' id='word_1_177' title='bbox 811 1829 960 1884; x_wconf 82' lang='lat' dir='ltr'><strong><em>Bentleius.</em></strong></span> <span class='ocrx_word' id='word_1_178' title='bbox 997 1847 1065 1900; x_wconf 82' lang='lat' dir='ltr'><strong><em>orgo</em></strong></span> <span class='ocrx_word' id='word_1_179' title='bbox 1082 1831 1284 1885; x_wconf 77' lang='lat' dir='ltr'><strong><em>seelusiso.319</em></strong></span> 
     </span>
     <span class='ocr_line' id='line_1_20' title="bbox 167 1908 1282 1979; baseline 0.001 -17"><span class='ocrx_word' id='word_1_180' title='bbox 167 1913 258 1965; x_wconf 83' lang='lat'><em>-325</em></span> <span class='ocrx_word' id='word_1_181' title='bbox 283 1909 336 1976; x_wconf 84' lang='lat' dir='ltr'><strong><em>des.</em></strong></span> <span class='ocrx_word' id='word_1_182' title='bbox 363 1908 602 1977; x_wconf 82' lang='lat' dir='ltr'><strong><em>Sonnenburqius:</em></strong></span> <span class='ocrx_word' id='word_1_183' title='bbox 625 1910 749 1963; x_wconf 88' lang='lat' dir='ltr'><strong><em>sednon</em></strong></span> <span class='ocrx_word' id='word_1_184' title='bbox 772 1911 865 1963; x_wconf 84' lang='lat' dir='ltr'><strong><em>minus</em></strong></span> <span class='ocrx_word' id='word_1_185' title='bbox 888 1909 952 1963; x_wconf 83' lang='lat' dir='ltr'><strong><em>bern</em></strong></span> <span class='ocrx_word' id='word_1_186' title='bbox 975 1911 1149 1978; x_wconf 66' lang='lat' dir='ltr'><strong><em>descenditur,</em></strong></span> <span class='ocrx_word' id='word_1_187' title='bbox 1174 1909 1282 1979; x_wconf 71' lang='lat' dir='ltr'><strong><em>liquidos</em></strong></span> 
     </span>
     <span class='ocr_line' id='line_1_21' title="bbox 163 1987 1281 2058; baseline -0.001 -15"><span class='ocrx_word' id='word_1_188' title='bbox 163 1991 244 2044; x_wconf 85' lang='lat' dir='ltr'><strong><em>misso</em></strong></span> <span class='ocrx_word' id='word_1_189' title='bbox 264 1989 437 2043; x_wconf 86' lang='lat' dir='ltr'><strong><em>Messenione</em></strong></span> <span class='ocrx_word' id='word_1_190' title='bbox 455 1990 493 2043; x_wconf 88' lang='lat' dir='ltr'><strong><em>ad</em></strong></span> <span class='ocrx_word' id='word_1_191' title='bbox 511 2005 543 2043; x_wconf 90' lang='lat' dir='ltr'><strong><em>ea</em></strong></span> <span class='ocrx_word' id='word_1_192' title='bbox 561 2006 631 2058; x_wconf 89' lang='lat' dir='ltr'><strong><em>quae</em></strong></span> <span class='ocrx_word' id='word_1_193' title='bbox 649 2006 674 2043; x_wconf 89' lang='lat' dir='ltr'><strong><em>o.</em></strong></span> <span class='ocrx_word' id='word_1_194' title='bbox 693 1993 840 2044; x_wconf 83' lang='lat'><em>319-321</em></span> <span class='ocrx_word' id='word_1_195' title='bbox 859 1990 1036 2045; x_wconf 76' lang='lat' dir='ltr'><strong><em>incohauerat</em></strong></span> <span class='ocrx_word' id='word_1_196' title='bbox 1053 1990 1125 2045; x_wconf 84' lang='lat' dir='ltr'><strong><em>redit</em></strong></span> <span class='ocrx_word' id='word_1_197' title='bbox 1142 2005 1219 2046; x_wconf 74' lang='lat' dir='ltr'><strong><em>cocus.</em></strong></span> <span class='ocrx_word' id='word_1_198' title='bbox 1249 1987 1281 2042; x_wconf 81' lang='lat' dir='ltr'><strong><em>Ite</em></strong></span> 
     </span>
     <span class='ocr_line' id='line_1_22' title="bbox 163 2068 841 2139; baseline 0.001 -18"><span class='ocrx_word' id='word_1_199' title='bbox 163 2068 318 2123; x_wconf 74' lang='lat' dir='ltr'><strong><em>morabitur</em></strong></span> <span class='ocrx_word' id='word_1_200' title='bbox 337 2070 372 2134; x_wconf 70' lang='lat' dir='ltr'><strong><em>cs.</em></strong></span> <span class='ocrx_word' id='word_1_201' title='bbox 392 2068 541 2138; x_wconf 84' lang='lat' dir='ltr'><strong><em>Lanqenus</em></strong></span> <span class='ocrx_word' id='word_1_202' title='bbox 561 2069 672 2124; x_wconf 73' lang='lat' dir='ltr'><strong><em>‘Beitn’</em></strong></span> <span class='ocrx_word' id='word_1_203' title='bbox 692 2086 719 2137; x_wconf 83' lang='lat' dir='ltr'><strong><em>p.</em></strong></span> <span class='ocrx_word' id='word_1_204' title='bbox 740 2075 794 2126; x_wconf 88' lang='grc'><strong><em>177</em></strong></span> <span class='ocrx_word' id='word_1_205' title='bbox 803 2088 841 2139; x_wconf 82' lang='lat' dir='ltr'><strong><em>sq.</em></strong></span> 
     </span>
    </p>

    <p class='ocr_par' dir='ltr' id='par_1_7' title="bbox 158 2146 1278 2858">
     <span class='ocr_line' id='line_1_23' title="bbox 252 2146 1278 2220; baseline -0.002 -19"><span class='ocrx_word' id='word_1_206' title='bbox 252 2153 313 2202; x_wconf 76' lang='grc'><strong><em>327.</em></strong></span> <span class='ocrx_word' id='word_1_207' title='bbox 341 2163 376 2201; x_wconf 87' lang='lat' dir='ltr'><strong><em>ne</em></strong></span> <span class='ocrx_word' id='word_1_208' title='bbox 403 2146 514 2216; x_wconf 78' lang='lat' dir='ltr'><strong><em>longius</em></strong></span> <span class='ocrx_word' id='word_1_209' title='bbox 539 2165 593 2217; x_wconf 86' lang='lat' dir='ltr'><strong><em>quo</em></strong></span> <span class='ocrx_word' id='word_1_210' title='bbox 616 2148 701 2202; x_wconf 80' lang='lat' dir='ltr'><strong><em>abens</em></strong></span> <span class='ocrx_word' id='word_1_211' title='bbox 726 2149 762 2204; x_wconf 83' lang='lat' dir='ltr'><strong><em>sb</em></strong></span> <span class='ocrx_word' id='word_1_212' title='bbox 789 2150 908 2205; x_wconf 75' lang='lat' dir='ltr'><strong><em>Botlsius</em></strong></span> <span class='ocrx_word' id='word_1_213' title='bbox 931 2151 1088 2220; x_wconf 74' lang='lat' dir='ltr'><strong><em>obloquente</em></strong></span> <span class='ocrx_word' id='word_1_214' title='bbox 1113 2149 1278 2220; x_wconf 68' lang='lat' dir='ltr'><strong><em>Komar</em></strong></span> 
     </span>
     <span class='ocr_line' id='line_1_24' title="bbox 162 2220 1276 2299; baseline -0.005 -15"><span class='ocrx_word' id='word_1_215' title='bbox 162 2231 265 2284; x_wconf 81' lang='lat' dir='ltr'><strong><em>Annot.</em></strong></span> <span class='ocrx_word' id='word_1_216' title='bbox 281 2244 312 2297; x_wconf 77' lang='lat' dir='ltr'><strong><em>p.</em></strong></span> <span class='ocrx_word' id='word_1_217' title='bbox 332 2233 357 2284; x_wconf 88' lang='grc'><strong><em>7.</em></strong></span> <span class='ocrx_word' id='word_1_218' title='bbox 395 2244 429 2281; x_wconf 84' lang='lat' dir='ltr'><strong><em>ne</em></strong></span> <span class='ocrx_word' id='word_1_219' title='bbox 448 2227 514 2283; x_wconf 90' lang='lat' dir='ltr'><strong><em>hinc</em></strong></span> <span class='ocrx_word' id='word_1_220' title='bbox 532 2228 616 2282; x_wconf 78' lang='lat' dir='ltr'><strong><em>abeas</em></strong></span> <span class='ocrx_word' id='word_1_221' title='bbox 635 2229 745 2298; x_wconf 80' lang='lat' dir='ltr'><strong><em>longius</em></strong></span> <span class='ocrx_word' id='word_1_222' title='bbox 770 2249 825 2299; x_wconf 92' lang='lat' dir='ltr'><strong><em>quo</em></strong></span> <span class='ocrx_word' id='word_1_223' title='bbox 844 2231 880 2285; x_wconf 80' lang='lat' dir='ltr'><strong><em>ab</em></strong></span> <span class='ocrx_word' id='word_1_224' title='bbox 900 2228 929 2282; x_wconf 71' lang='lat' dir='ltr'><strong><em>ii</em></strong></span> <span class='ocrx_word' id='word_1_225' title='bbox 947 2230 1053 2284; x_wconf 86' lang='lat' dir='ltr'><strong><em>addens</em></strong></span> <span class='ocrx_word' id='word_1_226' title='bbox 1072 2220 1116 2284; x_wconf 83' lang='lat' dir='ltr'><strong><em>‘de</em></strong></span> <span class='ocrx_word' id='word_1_227' title='bbox 1133 2246 1166 2284; x_wconf 84' lang='lat' dir='ltr'><strong><em>ne</em></strong></span> <span class='ocrx_word' id='word_1_228' title='bbox 1182 2225 1276 2296; x_wconf 79' lang='lat' dir='ltr'><strong><em>quosb</em></strong></span> 
     </span>
     <span class='ocr_line' id='line_1_25' title="bbox 163 2306 1275 2378; baseline 0 -17"><span class='ocrx_word' id='word_1_229' title='bbox 163 2325 211 2361; x_wconf 84' lang='lat' dir='ltr'><strong><em>eus</em></strong></span> <span class='ocrx_word' id='word_1_230' title='bbox 231 2306 343 2376; x_wconf 80' lang='lat' dir='ltr'><strong><em>longius</em></strong></span> <span class='ocrx_word' id='word_1_231' title='bbox 362 2306 427 2360; x_wconf 91' lang='lat' dir='ltr'><strong><em>hinc</em></strong></span> <span class='ocrx_word' id='word_1_232' title='bbox 451 2323 514 2362; x_wconf 85' lang='lat' dir='ltr'><strong><em>cave</em></strong></span> <span class='ocrx_word' id='word_1_233' title='bbox 537 2308 646 2376; x_wconf 82' lang='lat' dir='ltr'><strong><em>coqites’</em></strong></span> <span class='ocrx_word' id='word_1_234' title='bbox 673 2307 796 2377; x_wconf 80' lang='lat' dir='ltr'><strong><em>(longius</em></strong></span> <span class='ocrx_word' id='word_1_235' title='bbox 820 2309 867 2364; x_wconf 88' lang='lat' dir='ltr'><strong><em>hie</em></strong></span> <span class='ocrx_word' id='word_1_236' title='bbox 889 2307 1060 2378; x_wconf 73' lang='lat' dir='ltr'><strong><em>Gepperlus).</em></strong></span> <span class='ocrx_word' id='word_1_237' title='bbox 1097 2325 1132 2363; x_wconf 84' lang='lat' dir='ltr'><strong><em>no</em></strong></span> <span class='ocrx_word' id='word_1_238' title='bbox 1149 2323 1199 2378; x_wconf 90' lang='lat' dir='ltr'><strong><em>quo</em></strong></span> <span class='ocrx_word' id='word_1_239' title='bbox 1213 2307 1275 2361; x_wconf 81' lang='lat' dir='ltr'><strong><em>sbest</em></strong></span> 
     </span>
     <span class='ocr_line' id='line_1_26' title="bbox 163 2383 1276 2458; baseline 0 -18"><span class='ocrx_word' id='word_1_240' title='bbox 163 2389 275 2455; x_wconf 80' lang='lat' dir='ltr'><strong><em>longius</em></strong></span> <span class='ocrx_word' id='word_1_241' title='bbox 300 2386 337 2440; x_wconf 83' lang='lat' dir='ltr'><strong><em>ab</em></strong></span> <span class='ocrx_word' id='word_1_242' title='bbox 360 2386 404 2440; x_wconf 83' lang='lat' dir='ltr'><strong><em>bin</em></strong></span> <span class='ocrx_word' id='word_1_243' title='bbox 428 2387 500 2442; x_wconf 80' lang='lat' dir='ltr'><strong><em>inter</em></strong></span> <span class='ocrx_word' id='word_1_244' title='bbox 523 2388 582 2442; x_wconf 86' lang='lat' dir='ltr'><strong><em>alia</em></strong></span> <span class='ocrx_word' id='word_1_245' title='bbox 603 2389 754 2443; x_wconf 81' lang='lat' dir='ltr'><strong><em>Muellerus</em></strong></span> <span class='ocrx_word' id='word_1_246' title='bbox 777 2390 856 2444; x_wconf 75' lang='lat' dir='ltr'><strong><em>Peos.</em></strong></span> <span class='ocrx_word' id='word_1_247' title='bbox 876 2406 907 2458; x_wconf 76' lang='lat' dir='ltr'><strong><em>p.</em></strong></span> <span class='ocrx_word' id='word_1_248' title='bbox 927 2394 972 2444; x_wconf 85' lang='grc'><strong><em>56.</em></strong></span> <span class='ocrx_word' id='word_1_249' title='bbox 1009 2388 1123 2458; x_wconf 79' lang='lat' dir='ltr'><strong><em>longius</em></strong></span> <span class='ocrx_word' id='word_1_250' title='bbox 1140 2388 1188 2455; x_wconf 69' lang='lat' dir='ltr'><strong><em>def.</em></strong></span> <span class='ocrx_word' id='word_1_251' title='bbox 1204 2383 1276 2440; x_wconf 71' lang='lat' dir='ltr'><strong><em>stret</em></strong></span> 
     </span>
     <span class='ocr_line' id='line_1_27' title="bbox 161 2465 1275 2538; baseline 0.003 -17"><span class='ocrx_word' id='word_1_252' title='bbox 161 2469 267 2522; x_wconf 81' lang='lat' dir='ltr'><strong><em>eiseuus</em></strong></span> <span class='ocrx_word' id='word_1_253' title='bbox 286 2468 390 2521; x_wconf 83' lang='lat' dir='ltr'><strong><em>Annal.</em></strong></span> <span class='ocrx_word' id='word_1_254' title='bbox 407 2467 475 2535; x_wconf 81' lang='lat' dir='ltr'><strong><em>phil.</em></strong></span> <span class='ocrx_word' id='word_1_255' title='bbox 495 2466 577 2520; x_wconf 87' lang='lat' dir='ltr'><strong><em>LXI</em></strong></span> <span class='ocrx_word' id='word_1_256' title='bbox 589 2486 618 2537; x_wconf 82' lang='lat' dir='ltr'><strong><em>p.</em></strong></span> <span class='ocrx_word' id='word_1_257' title='bbox 638 2472 689 2533; x_wconf 87' lang='grc'><strong><em>44,</em></strong></span> <span class='ocrx_word' id='word_1_258' title='bbox 708 2469 888 2524; x_wconf 85' lang='lat' dir='ltr'><strong><em>Bueclulerus</em></strong></span> <span class='ocrx_word' id='word_1_259' title='bbox 906 2470 939 2524; x_wconf 91' lang='lat' dir='ltr'><strong><em>de</em></strong></span> <span class='ocrx_word' id='word_1_260' title='bbox 957 2470 1025 2524; x_wconf 83' lang='lat' dir='ltr'><strong><em>decl.</em></strong></span> <span class='ocrx_word' id='word_1_261' title='bbox 1041 2487 1072 2538; x_wconf 83' lang='lat' dir='ltr'><strong><em>p.</em></strong></span> <span class='ocrx_word' id='word_1_262' title='bbox 1091 2473 1125 2538; x_wconf 85' lang='grc'><strong><em>4,</em></strong></span> <span class='ocrx_word' id='word_1_263' title='bbox 1142 2465 1275 2524; x_wconf 73' lang='lat' dir='ltr'><strong><em>Ribbttiitt</em></strong></span> 
     </span>
     <span class='ocr_line' id='line_1_28' title="bbox 162 2543 1274 2620; baseline 0.001 -18"><span class='ocrx_word' id='word_1_264' title='bbox 162 2549 260 2617; x_wconf 71' lang='lat' dir='ltr'><strong><em>[raquo.</em></strong></span> <span class='ocrx_word' id='word_1_265' title='bbox 280 2547 361 2602; x_wconf 71' lang='lat' dir='ltr'><strong><em>corn.²</em></strong></span> <span class='ocrx_word' id='word_1_266' title='bbox 377 2565 405 2616; x_wconf 78' lang='lat' dir='ltr'><strong><em>p.</em></strong></span> <span class='ocrx_word' id='word_1_267' title='bbox 424 2546 594 2613; x_wconf 84' lang='lat' dir='ltr'><strong><em>XXXVII,</em></strong></span> <span class='ocrx_word' id='word_1_268' title='bbox 613 2548 751 2603; x_wconf 71' lang='lat' dir='ltr'><strong><em>Curidius</em></strong></span> <span class='ocrx_word' id='word_1_269' title='bbox 771 2548 899 2604; x_wconf 80' lang='lat' dir='ltr'><strong><em>‘Metr.’²</em></strong></span> <span class='ocrx_word' id='word_1_270' title='bbox 913 2567 943 2619; x_wconf 76' lang='lat' dir='ltr'><strong><em>p.</em></strong></span> <span class='ocrx_word' id='word_1_271' title='bbox 958 2553 1011 2604; x_wconf 72' lang='lat'><strong><em>23:</em></strong></span> <span class='ocrx_word' id='word_1_272' title='bbox 1030 2567 1115 2620; x_wconf 84' lang='lat' dir='ltr'><strong><em>neque</em></strong></span> <span class='ocrx_word' id='word_1_273' title='bbox 1131 2551 1161 2603; x_wconf 92' lang='lat' dir='ltr'><strong><em>in</em></strong></span> <span class='ocrx_word' id='word_1_274' title='bbox 1173 2543 1274 2619; x_wconf 58' lang='lat' dir='ltr'><strong><em>proso&amp;</em></strong></span> 
     </span>
     <span class='ocr_line' id='line_1_29' title="bbox 161 2623 1273 2698; baseline 0.001 -17"><span class='ocrx_word' id='word_1_275' title='bbox 161 2631 224 2697; x_wconf 78' lang='lat' dir='ltr'><strong><em>ipsa</em></strong></span> <span class='ocrx_word' id='word_1_276' title='bbox 243 2629 356 2695; x_wconf 75' lang='lat' dir='ltr'><strong><em>offensio</em></strong></span> <span class='ocrx_word' id='word_1_277' title='bbox 370 2633 446 2695; x_wconf 84' lang='lat' dir='ltr'><strong><em>esset,</em></strong></span> <span class='ocrx_word' id='word_1_278' title='bbox 464 2629 489 2681; x_wconf 90' lang='lat' dir='ltr'><strong><em>si</em></strong></span> <span class='ocrx_word' id='word_1_279' title='bbox 503 2629 539 2680; x_wconf 84' lang='lat' dir='ltr'><strong><em>sb</em></strong></span> <span class='ocrx_word' id='word_1_280' title='bbox 554 2626 670 2682; x_wconf 80' lang='lat' dir='ltr'><strong><em>sedibus</em></strong></span> <span class='ocrx_word' id='word_1_281' title='bbox 688 2630 831 2696; x_wconf 76' lang='lat' dir='ltr'><strong><em>sufficeret.</em></strong></span> <span class='ocrx_word' id='word_1_282' title='bbox 869 2647 903 2684; x_wconf 83' lang='lat' dir='ltr'><strong><em>ne</em></strong></span> <span class='ocrx_word' id='word_1_283' title='bbox 923 2647 978 2698; x_wconf 91' lang='lat' dir='ltr'><strong><em>quo</em></strong></span> <span class='ocrx_word' id='word_1_284' title='bbox 997 2630 1082 2685; x_wconf 80' lang='lat' dir='ltr'><strong><em>nbess</em></strong></span> <span class='ocrx_word' id='word_1_285' title='bbox 1100 2628 1203 2698; x_wconf 65' lang='lat' dir='ltr'><strong><em>longule</em></strong></span> <span class='ocrx_word' id='word_1_286' title='bbox 1216 2623 1273 2677; x_wconf 72' lang='lat' dir='ltr'><strong><em>bitot</em></strong></span> 
     </span>
     <span class='ocr_line' id='line_1_30' title="bbox 161 2701 1272 2774; baseline 0.004 -14"><span class='ocrx_word' id='word_1_287' title='bbox 161 2709 196 2761; x_wconf 85' lang='lat' dir='ltr'><strong><em>ub</em></strong></span> <span class='ocrx_word' id='word_1_288' title='bbox 216 2707 256 2763; x_wconf 57' lang='grc' dir='ltr'><strong><em>Β.</em></strong></span> <span class='ocrx_word' id='word_1_289' title='bbox 296 2710 367 2762; x_wconf 79' lang='lat' dir='ltr'><strong><em>Mox</em></strong></span> <span class='ocrx_word' id='word_1_290' title='bbox 392 2724 553 2762; x_wconf 77' lang='lat' dir='ltr'><strong><em>maxumum</em></strong></span> <span class='ocrx_word' id='word_1_291' title='bbox 580 2707 610 2760; x_wconf 92' lang='lat' dir='ltr'><strong><em>in</em></strong></span> <span class='ocrx_word' id='word_1_292' title='bbox 634 2709 750 2763; x_wconf 82' lang='lat' dir='ltr'><strong><em>retinuit</em></strong></span> <span class='ocrx_word' id='word_1_293' title='bbox 772 2708 802 2762; x_wconf 78' lang='lat' dir='ltr'><strong><em>&#39;R</em></strong></span> <span class='ocrx_word' id='word_1_294' title='bbox 824 2710 956 2764; x_wconf 79' lang='lat' dir='ltr'><strong><em>dubitans</em></strong></span> <span class='ocrx_word' id='word_1_295' title='bbox 975 2711 1008 2764; x_wconf 83' lang='lat' dir='ltr'><strong><em>de</em></strong></span> <span class='ocrx_word' id='word_1_296' title='bbox 1033 2727 1200 2774; x_wconf 79' lang='lat' dir='ltr'><strong><em>maxumam,</em></strong></span> <span class='ocrx_word' id='word_1_297' title='bbox 1218 2701 1272 2774; x_wconf 66' lang='grc' dir='ltr'><em>Μ</em></span> 
     </span>
     <span class='ocr_line' id='line_1_31' title="bbox 158 2785 1236 2858; baseline 0 -18"><span class='ocrx_word' id='word_1_298' title='bbox 158 2789 295 2856; x_wconf 76' lang='lat' dir='ltr'><strong><em>probabat</em></strong></span> <span class='ocrx_word' id='word_1_299' title='bbox 314 2790 396 2842; x_wconf 81' lang='lat' dir='ltr'><strong><em>etiam</em></strong></span> <span class='ocrx_word' id='word_1_300' title='bbox 414 2788 556 2842; x_wconf 87' lang='lat' dir='ltr'><strong><em>Bentleius</em></strong></span> <span class='ocrx_word' id='word_1_301' title='bbox 574 2789 605 2841; x_wconf 85' lang='lat' dir='ltr'><strong><em>in</em></strong></span> <span class='ocrx_word' id='word_1_302' title='bbox 626 2787 737 2842; x_wconf 81' lang='lat' dir='ltr'><strong><em>Pborrn.</em></strong></span> <span class='ocrx_word' id='word_1_303' title='bbox 764 2789 789 2840; x_wconf 89' lang='lat' dir='ltr'><em>V</em></span> <span class='ocrx_word' id='word_1_304' title='bbox 805 2793 833 2857; x_wconf 88' lang='grc'><strong><em>8,</em></strong></span> <span class='ocrx_word' id='word_1_305' title='bbox 851 2794 895 2844; x_wconf 89' lang='grc'><strong><em>37,</em></strong></span> <span class='ocrx_word' id='word_1_306' title='bbox 934 2789 976 2856; x_wconf 79' lang='lat' dir='ltr'><strong><em>Os.</em></strong></span> <span class='ocrx_word' id='word_1_307' title='bbox 997 2788 1076 2858; x_wconf 82' lang='lat' dir='ltr'><strong><em>Gopt.</em></strong></span> <span class='ocrx_word' id='word_1_308' title='bbox 1095 2807 1121 2844; x_wconf 89' lang='lat' dir='ltr'><strong><em>o.</em></strong></span> <span class='ocrx_word' id='word_1_309' title='bbox 1139 2793 1193 2854; x_wconf 84' lang='grc'><strong><em>409,</em></strong></span> <span class='ocrx_word' id='word_1_310' title='bbox 1208 2785 1236 2839; x_wconf 85' lang='lat' dir='ltr'><strong><em>ul.</em></strong></span> 
     </span>
    </p>

    <p class='ocr_par' dir='ltr' id='par_1_8' title="bbox 162 2867 1273 3255">
     <span class='ocr_line' id='line_1_32' title="bbox 251 2867 1271 2937; baseline -0.003 -16"><span class='ocrx_word' id='word_1_311' title='bbox 251 2875 310 2922; x_wconf 81' lang='lat'>329.</span> <span class='ocrx_word' id='word_1_312' title='bbox 330 2867 368 2922; x_wconf 81' lang='lat' dir='ltr'><strong><em>Te</em></strong></span> <span class='ocrx_word' id='word_1_313' title='bbox 398 2868 438 2921; x_wconf 85' lang='lat' dir='ltr'><strong><em>ire</em></strong></span> <span class='ocrx_word' id='word_1_314' title='bbox 466 2868 559 2922; x_wconf 89' lang='lat' dir='ltr'><strong><em>hercle</em></strong></span> <span class='ocrx_word' id='word_1_315' title='bbox 583 2868 698 2921; x_wconf 77' lang='lat' dir='ltr'><strong><em>meliust</em></strong></span> <span class='ocrx_word' id='word_1_316' title='bbox 722 2868 795 2922; x_wconf 78' lang='lat' dir='ltr'><strong><em>intro</em></strong></span> <span class='ocrx_word' id='word_1_317' title='bbox 820 2869 875 2922; x_wconf 84' lang='lat' dir='ltr'><strong><em>inm</em></strong></span> <span class='ocrx_word' id='word_1_318' title='bbox 899 2868 929 2922; x_wconf 74' lang='lat' dir='ltr'><strong><em>u</em></strong></span> <span class='ocrx_word' id='word_1_319' title='bbox 952 2869 997 2936; x_wconf 72' lang='lat' dir='ltr'><strong><em>(cs.</em></strong></span> <span class='ocrx_word' id='word_1_320' title='bbox 1020 2869 1118 2937; x_wconf 78' lang='lat' dir='ltr'><strong><em>Opust.</em></strong></span> <span class='ocrx_word' id='word_1_321' title='bbox 1138 2869 1176 2922; x_wconf 93' lang='lat' dir='ltr'><strong><em>II</em></strong></span> <span class='ocrx_word' id='word_1_322' title='bbox 1192 2867 1271 2936; x_wconf 68' lang='lat' dir='ltr'><strong><em>ulti</em></strong></span> 
     </span>
     <span class='ocr_line' id='line_1_33' title="bbox 163 2944 1271 3015; baseline -0.003 -16"><span class='ocrx_word' id='word_1_323' title='bbox 163 2949 240 3014; x_wconf 84' lang='lat' dir='ltr'><strong><em>adn.)</em></strong></span> <span class='ocrx_word' id='word_1_324' title='bbox 255 2955 405 3015; x_wconf 75' lang='lat' dir='ltr'><strong><em>proterente</em></strong></span> <span class='ocrx_word' id='word_1_325' title='bbox 428 2950 457 3001; x_wconf 80' lang='lat' dir='ltr'><strong><em>ie</em></strong></span> <span class='ocrx_word' id='word_1_326' title='bbox 480 2947 554 3002; x_wconf 76' lang='lat' dir='ltr'><strong><em>intro</em></strong></span> <span class='ocrx_word' id='word_1_327' title='bbox 573 2947 719 3002; x_wconf 87' lang='lat' dir='ltr'><strong><em>Dissaldeo</em></strong></span> <span class='ocrx_word' id='word_1_328' title='bbox 738 2965 799 3001; x_wconf 71' lang='lat' dir='ltr'><strong><em>cnon</em></strong></span> <span class='ocrx_word' id='word_1_329' title='bbox 817 2948 848 3002; x_wconf 87' lang='lat' dir='ltr'><strong><em>Z.</em></strong></span> <span class='ocrx_word' id='word_1_330' title='bbox 885 2948 954 3003; x_wconf 87' lang='lat' dir='ltr'><strong><em>Noli</em></strong></span> <span class='ocrx_word' id='word_1_331' title='bbox 974 2949 1015 3001; x_wconf 83' lang='lat' dir='ltr'><strong><em>Ire</em></strong></span> <span class='ocrx_word' id='word_1_332' title='bbox 1035 2947 1129 3003; x_wconf 88' lang='lat' dir='ltr'><strong><em>hercle</em></strong></span> <span class='ocrx_word' id='word_1_333' title='bbox 1146 2945 1239 3001; x_wconf 82' lang='lat' dir='ltr'><strong><em>meliust</em></strong></span> <span class='ocrx_word' id='word_1_334' title='bbox 1251 2944 1271 2992; x_wconf 67' lang='lat' dir='ltr'><strong><em>lt</em></strong></span> 
     </span>
     <span class='ocr_line' id='line_1_34' title="bbox 163 3028 1273 3098; baseline 0.001 -20"><span class='ocrx_word' id='word_1_335' title='bbox 163 3029 266 3081; x_wconf 86' lang='lat' dir='ltr'><strong><em>iniero:</em></strong></span> <span class='ocrx_word' id='word_1_336' title='bbox 292 3043 357 3080; x_wconf 89' lang='lat' dir='ltr'><strong><em>narn</em></strong></span> <span class='ocrx_word' id='word_1_337' title='bbox 380 3033 449 3080; x_wconf 88' lang='lat' dir='ltr'><strong><em>reete</em></strong></span> <span class='ocrx_word' id='word_1_338' title='bbox 475 3045 499 3083; x_wconf 89' lang='lat' dir='ltr'><strong><em>v.</em></strong></span> <span class='ocrx_word' id='word_1_339' title='bbox 519 3032 575 3083; x_wconf 80' lang='lat'><strong><em>214</em></strong></span> <span class='ocrx_word' id='word_1_340' title='bbox 599 3031 768 3096; x_wconf 81' lang='lat' dir='ltr'><strong><em>conparauit</em></strong></span> <span class='ocrx_word' id='word_1_341' title='bbox 798 3028 946 3083; x_wconf 83' lang='lat' dir='ltr'><strong><em>Valdeuus:</em></strong></span> <span class='ocrx_word' id='word_1_342' title='bbox 971 3045 1056 3098; x_wconf 87' lang='lat' dir='ltr'><strong><em>neque</em></strong></span> <span class='ocrx_word' id='word_1_343' title='bbox 1082 3035 1174 3097; x_wconf 82' lang='lat' dir='ltr'><strong><em>uptun</em></strong></span> <span class='ocrx_word' id='word_1_344' title='bbox 1197 3030 1226 3079; x_wconf 79' lang='lat' dir='ltr'><strong><em>est</em></strong></span> <span class='ocrx_word' id='word_1_345' title='bbox 1237 3037 1273 3091; x_wconf 75' lang='lat' dir='ltr'><strong><em>ptr</em></strong></span> 
     </span>
     <span class='ocr_line' id='line_1_35' title="bbox 162 3101 1271 3176; baseline 0.004 -18"><span class='ocrx_word' id='word_1_346' title='bbox 162 3106 202 3158; x_wconf 66' lang='grc' dir='ltr'><strong><em>ΤΘ</em></strong></span> <span class='ocrx_word' id='word_1_347' title='bbox 222 3106 261 3158; x_wconf 80' lang='lat' dir='ltr'><strong><em>ire</em></strong></span> <span class='ocrx_word' id='word_1_348' title='bbox 280 3106 345 3160; x_wconf 82' lang='lat' dir='ltr'><strong><em>boec</em></strong></span> <span class='ocrx_word' id='word_1_349' title='bbox 363 3108 443 3160; x_wconf 78' lang='lat' dir='ltr'><strong><em>uerba</em></strong></span> <span class='ocrx_word' id='word_1_350' title='bbox 466 3109 569 3176; x_wconf 79' lang='lat' dir='ltr'><strong><em>opponi</em></strong></span> <span class='ocrx_word' id='word_1_351' title='bbox 586 3109 674 3161; x_wconf 85' lang='lat' dir='ltr'><strong><em>uerbis</em></strong></span> <span class='ocrx_word' id='word_1_352' title='bbox 693 3108 725 3159; x_wconf 77' lang='lat' dir='ltr'><strong><em>ut</em></strong></span> <span class='ocrx_word' id='word_1_353' title='bbox 750 3125 797 3162; x_wconf 82' lang='lat' dir='ltr'><strong><em>ens</em></strong></span> <span class='ocrx_word' id='word_1_354' title='bbox 816 3127 852 3163; x_wconf 92' lang='lat' dir='ltr'><strong><em>m.</em></strong></span> <span class='ocrx_word' id='word_1_355' title='bbox 871 3126 908 3162; x_wconf 94' lang='lat' dir='ltr'><strong><em>m.</em></strong></span> <span class='ocrx_word' id='word_1_356' title='bbox 928 3125 970 3175; x_wconf 84' lang='lat' dir='ltr'><strong><em>c.‚</em></strong></span> <span class='ocrx_word' id='word_1_357' title='bbox 994 3124 1055 3161; x_wconf 86' lang='lat' dir='ltr'><strong><em>curn</em></strong></span> <span class='ocrx_word' id='word_1_358' title='bbox 1073 3109 1130 3161; x_wconf 85' lang='lat' dir='ltr'><strong><em>ion</em></strong></span> <span class='ocrx_word' id='word_1_359' title='bbox 1147 3121 1214 3162; x_wconf 68' lang='lat' dir='ltr'><strong><em>com</em></strong></span> <span class='ocrx_word' id='word_1_360' title='bbox 1230 3101 1271 3155; x_wconf 69' lang='lat' dir='ltr'><strong><em>iit</em></strong></span> 
     </span>
     <span class='ocr_line' id='line_1_36' title="bbox 162 3185 1273 3255; baseline 0.002 -19"><span class='ocrx_word' id='word_1_361' title='bbox 162 3185 287 3238; x_wconf 76' lang='lat' dir='ltr'><strong><em>reaecluui</em></strong></span> <span class='ocrx_word' id='word_1_362' title='bbox 304 3186 420 3239; x_wconf 83' lang='lat' dir='ltr'><strong><em>iocosam</em></strong></span> <span class='ocrx_word' id='word_1_363' title='bbox 436 3192 466 3239; x_wconf 88' lang='lat' dir='ltr'><strong><em>ut</em></strong></span> <span class='ocrx_word' id='word_1_364' title='bbox 478 3193 562 3255; x_wconf 73' lang='lat' dir='ltr'><strong><em>putat</em></strong></span> <span class='ocrx_word' id='word_1_365' title='bbox 575 3188 776 3241; x_wconf 77' lang='lat' dir='ltr'><strong><em>sinullationem</em></strong></span> <span class='ocrx_word' id='word_1_366' title='bbox 791 3203 847 3241; x_wconf 88' lang='lat' dir='ltr'><strong><em>uon</em></strong></span> <span class='ocrx_word' id='word_1_367' title='bbox 866 3203 967 3241; x_wconf 87' lang='lat' dir='ltr'><strong><em>curans</em></strong></span> <span class='ocrx_word' id='word_1_368' title='bbox 980 3188 1095 3255; x_wconf 79' lang='lat' dir='ltr'><strong><em>placide</em></strong></span> <span class='ocrx_word' id='word_1_369' title='bbox 1108 3205 1165 3242; x_wconf 87' lang='lat' dir='ltr'><strong><em>eun</em></strong></span> <span class='ocrx_word' id='word_1_370' title='bbox 1180 3201 1206 3240; x_wconf 88' lang='lat' dir='ltr'><strong><em>eo</em></strong></span> <span class='ocrx_word' id='word_1_371' title='bbox 1219 3185 1273 3251; x_wconf 74' lang='lat' dir='ltr'><strong><em>aqut.</em></strong></span> 
     </span>
    </p>

    <p class='ocr_par' dir='ltr' id='par_1_9' title="bbox 161 3262 1273 3416">
     <span class='ocr_line' id='line_1_37' title="bbox 251 3262 1273 3333; baseline 0.002 -16"><span class='ocrx_word' id='word_1_372' title='bbox 251 3270 311 3319; x_wconf 83' lang='lat'>330.</span> <span class='ocrx_word' id='word_1_373' title='bbox 332 3264 451 3319; x_wconf 81' lang='lat' dir='ltr'><strong><em>Volcani</em></strong></span> <span class='ocrx_word' id='word_1_374' title='bbox 470 3266 506 3319; x_wconf 84' lang='lat' dir='ltr'><strong><em>nd</em></strong></span> <span class='ocrx_word' id='word_1_375' title='bbox 525 3265 688 3320; x_wconf 77' lang='lat' dir='ltr'><strong><em>uiolentiam</em></strong></span> <span class='ocrx_word' id='word_1_376' title='bbox 708 3266 736 3318; x_wconf 69' lang='lat' dir='ltr'><strong><em>‘It</em></strong></span> <span class='ocrx_word' id='word_1_377' title='bbox 756 3284 816 3320; x_wconf 76' lang='lat' dir='ltr'><strong><em>cuent</em></strong></span> <span class='ocrx_word' id='word_1_378' title='bbox 835 3268 944 3322; x_wconf 80' lang='lat' dir='ltr'><strong><em>Bolbio.</em></strong></span> <span class='ocrx_word' id='word_1_379' title='bbox 983 3267 1025 3333; x_wconf 79' lang='lat' dir='ltr'><strong><em>Os.</em></strong></span> <span class='ocrx_word' id='word_1_380' title='bbox 1045 3266 1201 3322; x_wconf 80' lang='lat' dir='ltr'><strong><em>llibbeclirn</em></strong></span> <span class='ocrx_word' id='word_1_381' title='bbox 1216 3262 1273 3316; x_wconf 76' lang='lat' dir='ltr'><strong><em>‘Alo-</em></strong></span> 
     </span>
     <span class='ocr_line' id='line_1_38' title="bbox 161 3346 1219 3416; baseline -0.003 -16"><span class='ocrx_word' id='word_1_382' title='bbox 161 3346 223 3400; x_wconf 84' lang='lat' dir='ltr'><strong><em>eon’</em></strong></span> <span class='ocrx_word' id='word_1_383' title='bbox 242 3362 272 3415; x_wconf 81' lang='lat' dir='ltr'><strong><em>p.</em></strong></span> <span class='ocrx_word' id='word_1_384' title='bbox 292 3349 336 3400; x_wconf 85' lang='lat'><strong><em>21.</em></strong></span> <span class='ocrx_word' id='word_1_385' title='bbox 357 3350 395 3400; x_wconf 81' lang='lat'><strong><em>25</em></strong></span> <span class='ocrx_word' id='word_1_386' title='bbox 414 3348 625 3416; x_wconf 74' lang='lat' dir='ltr'><strong><em>Scltusterusquc</em></strong></span> <span class='ocrx_word' id='word_1_387' title='bbox 646 3347 752 3415; x_wconf 76' lang='lat' dir='ltr'><strong><em>‘Quom</em></strong></span> <span class='ocrx_word' id='word_1_388' title='bbox 767 3347 812 3401; x_wconf 90' lang='lat' dir='ltr'><strong><em>Pl.</em></strong></span> <span class='ocrx_word' id='word_1_389' title='bbox 827 3352 875 3402; x_wconf 88' lang='lat' dir='ltr'><strong><em>att.</em></strong></span> <span class='ocrx_word' id='word_1_390' title='bbox 890 3348 1002 3415; x_wconf 78' lang='lat' dir='ltr'><strong><em>ecerupl.</em></strong></span> <span class='ocrx_word' id='word_1_391' title='bbox 1018 3348 1128 3401; x_wconf 68' lang='lat' dir='ltr'><strong><em>transt!</em></strong></span> <span class='ocrx_word' id='word_1_392' title='bbox 1139 3363 1168 3416; x_wconf 79' lang='lat' dir='ltr'><strong><em>p.</em></strong></span> <span class='ocrx_word' id='word_1_393' title='bbox 1182 3350 1219 3399; x_wconf 82' lang='grc'><strong><em>30.</em></strong></span> 
     </span>
    </p>

    <p class='ocr_par' dir='ltr' id='par_1_10' title="bbox 161 3421 1277 3576">
     <span class='ocr_line' id='line_1_39' title="bbox 251 3421 1277 3481; baseline -0.003 -3"><span class='ocrx_word' id='word_1_394' title='bbox 251 3431 311 3480; x_wconf 83' lang='grc'><strong><em>333.</em></strong></span> <span class='ocrx_word' id='word_1_395' title='bbox 332 3425 421 3480; x_wconf 76' lang='lat' dir='ltr'><strong><em>abiit?</em></strong></span> <span class='ocrx_word' id='word_1_396' title='bbox 444 3426 514 3481; x_wconf 84' lang='lat' dir='ltr'><strong><em>abiit</em></strong></span> <span class='ocrx_word' id='word_1_397' title='bbox 532 3426 562 3479; x_wconf 70' lang='lat' dir='ltr'><strong><em>ut</em></strong></span> <span class='ocrx_word' id='word_1_398' title='bbox 581 3444 641 3480; x_wconf 86' lang='lat' dir='ltr'><strong><em>cum</em></strong></span> <span class='ocrx_word' id='word_1_399' title='bbox 663 3425 780 3480; x_wconf 81' lang='lat' dir='ltr'><strong><em>Grutero</em></strong></span> <span class='ocrx_word' id='word_1_400' title='bbox 801 3427 868 3481; x_wconf 84' lang='lat' dir='ltr'><strong><em>‘nisi</em></strong></span> <span class='ocrx_word' id='word_1_401' title='bbox 886 3425 935 3480; x_wconf 87' lang='lat' dir='ltr'><strong><em>ille</em></strong></span> <span class='ocrx_word' id='word_1_402' title='bbox 954 3425 1022 3480; x_wconf 91' lang='lat' dir='ltr'><strong><em>binc</em></strong></span> <span class='ocrx_word' id='word_1_403' title='bbox 1040 3426 1112 3480; x_wconf 79' lang='lat' dir='ltr'><strong><em>abiit</em></strong></span> <span class='ocrx_word' id='word_1_404' title='bbox 1128 3426 1221 3481; x_wconf 83' lang='lat' dir='ltr'><strong><em>nales&#39;.</em></strong></span> <span class='ocrx_word' id='word_1_405' title='bbox 1244 3421 1277 3475; x_wconf 81' lang='lat' dir='ltr'><strong><em>ub</em></strong></span> 
     </span>
     <span class='ocr_line' id='line_1_40' title="bbox 161 3506 963 3576; baseline -0.001 -15"><span class='ocrx_word' id='word_1_406' title='bbox 161 3508 202 3562; x_wconf 84' lang='lat' dir='ltr'><strong><em>iit.</em></strong></span> <span class='ocrx_word' id='word_1_407' title='bbox 222 3506 295 3560; x_wconf 77' lang='lat' dir='ltr'><strong><em>Mus,</em></strong></span> <span class='ocrx_word' id='word_1_408' title='bbox 315 3507 393 3560; x_wconf 77' lang='lat' dir='ltr'><strong><em>abiit.</em></strong></span> <span class='ocrx_word' id='word_1_409' title='bbox 414 3506 491 3561; x_wconf 77' lang='lat' dir='ltr'><strong><em>Mun.</em></strong></span> <span class='ocrx_word' id='word_1_410' title='bbox 519 3508 679 3576; x_wconf 75' lang='lat' dir='ltr'><strong><em>Vsstnqius:</em></strong></span> <span class='ocrx_word' id='word_1_411' title='bbox 698 3513 727 3561; x_wconf 89' lang='lat' dir='ltr'><strong><em>at</em></strong></span> <span class='ocrx_word' id='word_1_412' title='bbox 746 3508 780 3573; x_wconf 80' lang='lat' dir='ltr'><strong><em>cs.</em></strong></span> <span class='ocrx_word' id='word_1_413' title='bbox 800 3524 824 3560; x_wconf 89' lang='lat' dir='ltr'><strong><em>o.</em></strong></span> <span class='ocrx_word' id='word_1_414' title='bbox 845 3512 909 3572; x_wconf 88' lang='grc'><strong><em>550,</em></strong></span> <span class='ocrx_word' id='word_1_415' title='bbox 927 3508 963 3560; x_wconf 88' lang='lat' dir='ltr'><strong><em>al.</em></strong></span> 
     </span>
    </p>

    <p class='ocr_par' dir='ltr' id='par_1_11' title="bbox 250 3585 1126 3654">
     <span class='ocr_line' id='line_1_41' title="bbox 250 3585 1126 3654; baseline -0.002 -14"><span class='ocrx_word' id='word_1_416' title='bbox 250 3595 310 3641; x_wconf 81' lang='grc'><strong><em>330,</em></strong></span> <span class='ocrx_word' id='word_1_417' title='bbox 331 3588 379 3654; x_wconf 91' lang='lat' dir='ltr'><strong><em>qui</em></strong></span> <span class='ocrx_word' id='word_1_418' title='bbox 397 3586 469 3639; x_wconf 79' lang='lat' dir='ltr'><strong><em>abiit</em></strong></span> <span class='ocrx_word' id='word_1_419' title='bbox 488 3585 551 3641; x_wconf 87' lang='lat' dir='ltr'><strong><em>hinc</em></strong></span> <span class='ocrx_word' id='word_1_420' title='bbox 571 3588 654 3641; x_wconf 88' lang='lat' dir='ltr'><strong><em>modo</em></strong></span> <span class='ocrx_word' id='word_1_421' title='bbox 674 3586 711 3639; x_wconf 70' lang='grc' dir='ltr'><strong><em>Ἠ.</em></strong></span> <span class='ocrx_word' id='word_1_422' title='bbox 1079 3606 1126 3652; x_wconf 63' lang='grc' dir='ltr'><strong><em>ρ·</em></strong></span> 
     </span>
    </p>

    <p class='ocr_par' dir='ltr' id='par_1_12' title="bbox 160 3661 1287 3973">
     <span class='ocr_line' id='line_1_42' title="bbox 250 3661 1283 3737; baseline -0.004 -19"><span class='ocrx_word' id='word_1_423' title='bbox 250 3674 310 3722; x_wconf 83' lang='grc'><strong><em>338.</em></strong></span> <span class='ocrx_word' id='word_1_424' title='bbox 330 3667 459 3720; x_wconf 83' lang='lat' dir='ltr'><strong><em>mirumst</em></strong></span> <span class='ocrx_word' id='word_1_425' title='bbox 482 3666 512 3719; x_wconf 75' lang='lat' dir='ltr'><strong><em>tu</em></strong></span> <span class='ocrx_word' id='word_1_426' title='bbox 535 3669 693 3737; x_wconf 84' lang='lat' dir='ltr'><strong><em>resraqante</em></strong></span> <span class='ocrx_word' id='word_1_427' title='bbox 715 3669 819 3722; x_wconf 77' lang='lat' dir='ltr'><strong><em>Brixio</em></strong></span> <span class='ocrx_word' id='word_1_428' title='bbox 844 3667 991 3736; x_wconf 74' lang='lat' dir='ltr'><strong><em>Obenoque</em></strong></span> <span class='ocrx_word' id='word_1_429' title='bbox 1005 3685 1036 3736; x_wconf 81' lang='lat' dir='ltr'><strong><em>p.</em></strong></span> <span class='ocrx_word' id='word_1_430' title='bbox 1056 3672 1102 3733; x_wconf 92' lang='grc'><strong><em>74,</em></strong></span> <span class='ocrx_word' id='word_1_431' title='bbox 1126 3668 1172 3736; x_wconf 89' lang='lat' dir='ltr'><strong><em>qui</em></strong></span> <span class='ocrx_word' id='word_1_432' title='bbox 1188 3667 1247 3719; x_wconf 83' lang='lat' dir='ltr'><strong><em>nire</em></strong></span> <span class='ocrx_word' id='word_1_433' title='bbox 1259 3661 1283 3716; x_wconf 82' lang='lat' dir='ltr'><strong><em>de</em></strong></span> 
     </span>
     <span class='ocr_line' id='line_1_43' title="bbox 161 3742 1284 3816; baseline -0.005 -16"><span class='ocrx_word' id='word_1_434' title='bbox 161 3748 209 3801; x_wconf 78' lang='lat' dir='ltr'><strong><em>ltoc</em></strong></span> <span class='ocrx_word' id='word_1_435' title='bbox 233 3750 289 3802; x_wconf 87' lang='lat' dir='ltr'><strong><em>loco</em></strong></span> <span class='ocrx_word' id='word_1_436' title='bbox 315 3754 390 3801; x_wconf 86' lang='lat' dir='ltr'><strong><em>errat</em></strong></span> <span class='ocrx_word' id='word_1_437' title='bbox 415 3748 521 3801; x_wconf 83' lang='lat' dir='ltr'><strong><em>hiatum</em></strong></span> <span class='ocrx_word' id='word_1_438' title='bbox 546 3749 712 3816; x_wconf 82' lang='lat' dir='ltr'><strong><em>nescioquem</em></strong></span> <span class='ocrx_word' id='word_1_439' title='bbox 735 3764 875 3803; x_wconf 66' lang='lat' dir='ltr'><strong><em>mussans.</em></strong></span> <span class='ocrx_word' id='word_1_440' title='bbox 918 3747 949 3800; x_wconf 91' lang='lat' dir='ltr'><strong><em>V.</em></strong></span> <span class='ocrx_word' id='word_1_441' title='bbox 965 3752 1017 3801; x_wconf 75' lang='lat'><strong><em>340</em></strong></span> <span class='ocrx_word' id='word_1_442' title='bbox 1033 3746 1063 3800; x_wconf 91' lang='lat' dir='ltr'><strong><em>Si</em></strong></span> <span class='ocrx_word' id='word_1_443' title='bbox 1078 3752 1134 3814; x_wconf 67' lang='lat' dir='ltr'><strong><em>quii</em></strong></span> <span class='ocrx_word' id='word_1_444' title='bbox 1148 3747 1199 3813; x_wconf 73' lang='lat' dir='ltr'><strong><em>des.</em></strong></span> <span class='ocrx_word' id='word_1_445' title='bbox 1214 3742 1284 3798; x_wconf 78' lang='lat' dir='ltr'><strong><em>Muel-</em></strong></span> 
     </span>
     <span class='ocr_line' id='line_1_44' title="bbox 160 3826 1287 3898; baseline -0.004 -18"><span class='ocrx_word' id='word_1_446' title='bbox 160 3830 233 3881; x_wconf 77' lang='lat' dir='ltr'><strong><em>lerus</em></strong></span> <span class='ocrx_word' id='word_1_447' title='bbox 253 3829 373 3881; x_wconf 72' lang='lat' dir='ltr'><strong><em>‘Ztscltn</em></strong></span> <span class='ocrx_word' id='word_1_448' title='bbox 391 3829 412 3893; x_wconf 81' lang='lat' dir='ltr'><strong><em>s.</em></strong></span> <span class='ocrx_word' id='word_1_449' title='bbox 433 3828 568 3898; x_wconf 61' lang='lat' dir='ltr'><strong><em>Gymnas?</em></strong></span> <span class='ocrx_word' id='word_1_450' title='bbox 587 3829 670 3881; x_wconf 84' lang='lat' dir='ltr'><strong><em>XXI</em></strong></span> <span class='ocrx_word' id='word_1_451' title='bbox 676 3845 705 3896; x_wconf 81' lang='lat' dir='ltr'><strong><em>p.</em></strong></span> <span class='ocrx_word' id='word_1_452' title='bbox 718 3832 779 3881; x_wconf 87' lang='grc'><strong><em>559.</em></strong></span> <span class='ocrx_word' id='word_1_453' title='bbox 818 3829 860 3881; x_wconf 89' lang='lat' dir='ltr'><strong><em>De</em></strong></span> <span class='ocrx_word' id='word_1_454' title='bbox 878 3826 994 3895; x_wconf 76' lang='lat' dir='ltr'><strong><em>postilla</em></strong></span> <span class='ocrx_word' id='word_1_455' title='bbox 1012 3843 1036 3881; x_wconf 83' lang='lat' dir='ltr'><strong><em>a.</em></strong></span> <span class='ocrx_word' id='word_1_456' title='bbox 1052 3833 1105 3880; x_wconf 80' lang='lat'><strong><em>342</em></strong></span> <span class='ocrx_word' id='word_1_457' title='bbox 1126 3827 1287 3895; x_wconf 79' lang='lat' dir='ltr'><strong><em>addeltqnsc.</em></strong></span> 
     </span>
     <span class='ocr_line' id='line_1_45' title="bbox 162 3908 328 3973; baseline 0.024 -16"><span class='ocrx_word' id='word_1_458' title='bbox 162 3908 204 3957; x_wconf 89' lang='grc' dir='ltr'><strong><em>ΙΙ</em></strong></span> <span class='ocrx_word' id='word_1_459' title='bbox 217 3924 247 3973; x_wconf 76' lang='lat' dir='ltr'><strong><em>qt.</em></strong></span> <span class='ocrx_word' id='word_1_460' title='bbox 268 3912 328 3961; x_wconf 78' lang='lat'><em>545.</em></span> 
     </span>
    </p>

    <p class='ocr_par' dir='ltr' id='par_1_13' title="bbox 160 3984 1300 4372">
     <span class='ocr_line' id='line_1_46' title="bbox 251 3984 1292 4057; baseline -0.001 -20"><span class='ocrx_word' id='word_1_461' title='bbox 251 3992 310 4039; x_wconf 78' lang='lat'>344.</span> <span class='ocrx_word' id='word_1_462' title='bbox 331 3987 411 4041; x_wconf 85' lang='lat' dir='ltr'><strong><em>Nunc</em></strong></span> <span class='ocrx_word' id='word_1_463' title='bbox 430 3991 513 4057; x_wconf 79' lang='lat' dir='ltr'><strong><em>portu</em></strong></span> <span class='ocrx_word' id='word_1_464' title='bbox 532 3989 603 4043; x_wconf 81' lang='lat' dir='ltr'><strong><em>istoc</em></strong></span> <span class='ocrx_word' id='word_1_465' title='bbox 623 3990 681 4041; x_wconf 79' lang='lat' dir='ltr'><strong><em>stat</em></strong></span> <span class='ocrx_word' id='word_1_466' title='bbox 699 3987 872 4040; x_wconf 76' lang='lat' dir='ltr'><strong><em>Kaerelserus</em></strong></span> <span class='ocrx_word' id='word_1_467' title='bbox 892 3987 1029 4040; x_wconf 79' lang='lat' dir='ltr'><strong><em>‘Prosod’</em></strong></span> <span class='ocrx_word' id='word_1_468' title='bbox 1046 4002 1077 4055; x_wconf 79' lang='lat' dir='ltr'><strong><em>p.</em></strong></span> <span class='ocrx_word' id='word_1_469' title='bbox 1098 3992 1142 4041; x_wconf 83' lang='lat'><strong><em>16.</em></strong></span> <span class='ocrx_word' id='word_1_470' title='bbox 1179 3987 1253 4040; x_wconf 86' lang='lat' dir='ltr'><strong><em>Nunc</em></strong></span> <span class='ocrx_word' id='word_1_471' title='bbox 1268 3984 1292 4037; x_wconf 88' lang='lat' dir='ltr'><strong><em>iu</em></strong></span> 
     </span>
     <span class='ocr_line' id='line_1_47' title="bbox 161 4065 1292 4136; baseline 0.004 -22"><span class='ocrx_word' id='word_1_472' title='bbox 161 4067 236 4118; x_wconf 73' lang='lat' dir='ltr'><strong><em>stulu</em></strong></span> <span class='ocrx_word' id='word_1_473' title='bbox 257 4070 314 4120; x_wconf 78' lang='lat' dir='ltr'><strong><em>stat</em></strong></span> <span class='ocrx_word' id='word_1_474' title='bbox 332 4071 366 4132; x_wconf 77' lang='lat' dir='ltr'><strong><em>(l)</em></strong></span> <span class='ocrx_word' id='word_1_475' title='bbox 385 4069 536 4124; x_wconf 81' lang='lat' dir='ltr'><strong><em>Muellerus</em></strong></span> <span class='ocrx_word' id='word_1_476' title='bbox 561 4069 640 4124; x_wconf 84' lang='lat' dir='ltr'><strong><em>Pros.</em></strong></span> <span class='ocrx_word' id='word_1_477' title='bbox 659 4086 689 4136; x_wconf 82' lang='lat' dir='ltr'><strong><em>p.</em></strong></span> <span class='ocrx_word' id='word_1_478' title='bbox 709 4073 763 4122; x_wconf 87' lang='grc'><strong><em>473</em></strong></span> <span class='ocrx_word' id='word_1_479' title='bbox 782 4068 847 4120; x_wconf 88' lang='lat' dir='ltr'><strong><em>adn.</em></strong></span> <span class='ocrx_word' id='word_1_480' title='bbox 886 4067 966 4119; x_wconf 88' lang='lat' dir='ltr'><strong><em>Nunc</em></strong></span> <span class='ocrx_word' id='word_1_481' title='bbox 990 4065 1081 4120; x_wconf 72' lang='lat' dir='ltr'><strong><em>insint</em></strong></span> <span class='ocrx_word' id='word_1_482' title='bbox 1099 4070 1234 4136; x_wconf 82' lang='lat' dir='ltr'><strong><em>portu(m)</em></strong></span> <span class='ocrx_word' id='word_1_483' title='bbox 1255 4065 1292 4119; x_wconf 86' lang='lat' dir='ltr'><strong><em>Vs-</em></strong></span> 
     </span>
     <span class='ocr_line' id='line_1_48' title="bbox 160 4147 1297 4218; baseline 0.001 -21"><span class='ocrx_word' id='word_1_484' title='bbox 160 4147 275 4214; x_wconf 77' lang='lat' dir='ltr'><strong><em>sinqius.</em></strong></span> <span class='ocrx_word' id='word_1_485' title='bbox 314 4147 357 4201; x_wconf 85' lang='lat' dir='ltr'><strong><em>De</em></strong></span> <span class='ocrx_word' id='word_1_486' title='bbox 376 4152 550 4203; x_wconf 69' lang='lat' dir='ltr'><strong><em>unimanus</em></strong></span> <span class='ocrx_word' id='word_1_487' title='bbox 570 4148 748 4218; x_wconf 80' lang='lat' dir='ltr'><strong><em>praedatoria</em></strong></span> <span class='ocrx_word' id='word_1_488' title='bbox 770 4148 827 4212; x_wconf 68' lang='lat' dir='ltr'><strong><em>luit</em></strong></span> <span class='ocrx_word' id='word_1_489' title='bbox 850 4149 898 4216; x_wconf 88' lang='lat' dir='ltr'><strong><em>qui</em></strong></span> <span class='ocrx_word' id='word_1_490' title='bbox 916 4149 1060 4216; x_wconf 83' lang='lat' dir='ltr'><strong><em>coqitaret:</em></strong></span> <span class='ocrx_word' id='word_1_491' title='bbox 1083 4154 1115 4202; x_wconf 84' lang='lat' dir='ltr'><strong><em>at</em></strong></span> <span class='ocrx_word' id='word_1_492' title='bbox 1139 4151 1175 4215; x_wconf 83' lang='lat' dir='ltr'><strong><em>cs.</em></strong></span> <span class='ocrx_word' id='word_1_493' title='bbox 1200 4168 1224 4205; x_wconf 88' lang='lat' dir='ltr'><strong><em>v.</em></strong></span> <span class='ocrx_word' id='word_1_494' title='bbox 1243 4151 1297 4202; x_wconf 79' lang='grc'><strong><em>442.</em></strong></span> 
     </span>
     <span class='ocr_line' id='line_1_49' title="bbox 161 4225 1300 4296; baseline 0.002 -19"><span class='ocrx_word' id='word_1_495' title='bbox 161 4225 233 4279; x_wconf 86' lang='lat' dir='ltr'><strong><em>Sanc</em></strong></span> <span class='ocrx_word' id='word_1_496' title='bbox 253 4229 356 4296; x_wconf 71' lang='lat' dir='ltr'><strong><em>nauli)s</em></strong></span> <span class='ocrx_word' id='word_1_497' title='bbox 379 4231 457 4282; x_wconf 81' lang='lat' dir='ltr'><strong><em>rtullo</em></strong></span> <span class='ocrx_word' id='word_1_498' title='bbox 481 4231 559 4283; x_wconf 85' lang='lat' dir='ltr'><strong><em>ruodo</em></strong></span> <span class='ocrx_word' id='word_1_499' title='bbox 583 4230 693 4295; x_wconf 71' lang='lat' dir='ltr'><strong><em>deserttle&#39;</em></strong></span> <span class='ocrx_word' id='word_1_500' title='bbox 712 4234 800 4296; x_wconf 76' lang='lat' dir='ltr'><strong><em>potest</em></strong></span> <span class='ocrx_word' id='word_1_501' title='bbox 824 4245 857 4282; x_wconf 79' lang='lat' dir='ltr'><strong><em>ex</em></strong></span> <span class='ocrx_word' id='word_1_502' title='bbox 875 4228 975 4280; x_wconf 74' lang='lat' dir='ltr'><strong><em>Bucelt.</em></strong></span> <span class='ocrx_word' id='word_1_503' title='bbox 1000 4244 1024 4281; x_wconf 89' lang='lat' dir='ltr'><strong><em>o.</em></strong></span> <span class='ocrx_word' id='word_1_504' title='bbox 1045 4231 1101 4282; x_wconf 79' lang='lat'><strong><em>797</em></strong></span> <span class='ocrx_word' id='word_1_505' title='bbox 1121 4229 1209 4284; x_wconf 76' lang='lat' dir='ltr'><strong><em>‘Bene</em></strong></span> <span class='ocrx_word' id='word_1_506' title='bbox 1226 4231 1300 4283; x_wconf 75' lang='lat' dir='ltr'><strong><em>nriuis</em></strong></span> 
     </span>
     <span class='ocr_line' id='line_1_50' title="bbox 161 4307 339 4372; baseline 0.034 -19"><span class='ocrx_word' id='word_1_507' title='bbox 161 4307 339 4372; x_wconf 66' lang='lat' dir='ltr'><strong><em>aqitsallur!</em></strong></span> 
     </span>
    </p>

    <p class='ocr_par' dir='ltr' id='par_1_14' title="bbox 250 4388 1302 4459">
     <span class='ocr_line' id='line_1_51' title="bbox 250 4388 1302 4459; baseline 0.005 -24"><span class='ocrx_word' id='word_1_508' title='bbox 250 4392 308 4438; x_wconf 78' lang='grc'><strong><em>350.</em></strong></span> <span class='ocrx_word' id='word_1_509' title='bbox 329 4388 351 4439; x_wconf 81' lang='lat' dir='ltr'><strong><em>si</em></strong></span> <span class='ocrx_word' id='word_1_510' title='bbox 377 4390 444 4441; x_wconf 81' lang='lat' dir='ltr'><strong><em>ultis</em></strong></span> <span class='ocrx_word' id='word_1_511' title='bbox 465 4390 587 4442; x_wconf 72' lang='lat' dir='ltr'><strong><em>Kocltius</em></strong></span> <span class='ocrx_word' id='word_1_512' title='bbox 606 4391 709 4443; x_wconf 81' lang='lat' dir='ltr'><strong><em>Annal.</em></strong></span> <span class='ocrx_word' id='word_1_513' title='bbox 730 4391 799 4457; x_wconf 79' lang='lat' dir='ltr'><strong><em>plu&#39;l.</em></strong></span> <span class='ocrx_word' id='word_1_514' title='bbox 827 4389 868 4441; x_wconf 83' lang='lat' dir='ltr'><strong><em>CI</em></strong></span> <span class='ocrx_word' id='word_1_515' title='bbox 885 4406 914 4457; x_wconf 84' lang='lat' dir='ltr'><strong><em>p.</em></strong></span> <span class='ocrx_word' id='word_1_516' title='bbox 941 4392 1005 4442; x_wconf 80' lang='lat'><strong><em>283.</em></strong></span> <span class='ocrx_word' id='word_1_517' title='bbox 1033 4420 1067 4428; x_wconf 91' lang='lat'><em>-</em></span> <span class='ocrx_word' id='word_1_518' title='bbox 1087 4390 1200 4443; x_wconf 78' lang='lat' dir='ltr'><strong><em>naualis</em></strong></span> <span class='ocrx_word' id='word_1_519' title='bbox 1223 4391 1302 4459; x_wconf 70' lang='lat' dir='ltr'><strong><em>pedes</em></strong></span> 
     </span>
    </p>
   </div>
   <div class='ocr_carea' id='block_1_3' title="bbox 0 0 1482 5678">
    <p class='ocr_par' dir='ltr' id='par_1_15' title="bbox 0 0 1482 5678">
     <span class='ocr_line' id='line_1_52' title="bbox 0 0 1482 5678; baseline 0 3"><span class='ocrx_word' id='word_1_520' title='bbox 0 0 1482 5678; x_wconf 95' lang='lat' dir='ltr'><strong><em> </em></strong></span> 
     </span>
    </p>
   </div>
  </div>
 </body>
</html>
