2956 5678
635 813 842 869 PRAEFATIO
1270 812 1308 866 XI

162 1003 222 1046 nec
257 980 342 1045 enim
374 979 492 1044 mirum
522 1000 617 1061 saepe
647 1000 707 1043 nos
738 979 772 1042 in
802 977 931 1041 easdem
961 999 1094 1060 prorsus
1124 977 1308 1062 corrigendi

164 1089 236 1152 vias
260 1086 421 1151 incidisse.
467 1085 529 1161 Qui
548 1086 577 1150 si
596 1086 631 1148 in
653 1084 765 1169 paucis
788 1084 980 1168 quibusdam
1004 1084 1110 1168 rebus,
1133 1106 1150 1147 e
1174 1083 1308 1147 metrico

165 1194 373 1278 potissimum
401 1214 533 1278 genere,
560 1192 606 1256 ita
634 1191 897 1274 discrepabamus
926 1211 963 1253 ac
990 1187 1129 1253 fortasse
1152 1189 1310 1272 discrepa-

165 1323 240 1365 mus
270 1305 308 1365 ut
338 1300 379 1364 ab
410 1299 496 1364 illius
527 1286 674 1382 partibus
703 1300 789 1360 stare
815 1296 906 1360 nullo
935 1293 1030 1359 modo
1058 1314 1200 1377 possem:
1228 1291 1308 1380 (quo

165 1407 248 1472 illud
271 1406 412 1491 pertinet
434 1404 520 1489 quod
543 1404 769 1487 monosyllaba
794 1421 842 1466 me
862 1422 939 1466 nom
962 1421 1034 1465 cum
1058 1400 1219 1466 similibus
1242 1424 1309 1468 om·

165 1515 263 1580 nibus
285 1513 412 1578 hiatum
435 1534 503 1578 non
525 1510 560 1574 in
583 1511 647 1575 arsi
670 1514 800 1575 tantum
823 1507 997 1592 bisyllaba‚
1019 1529 1131 1572 verum
1154 1510 1252 1573 etiam
1275 1510 1308 1574 in

167 1621 255 1687 thesi
274 1642 376 1704 eaque
394 1618 619 1702 monosyllaba
638 1618 707 1702 pati
727 1616 789 1680 sibi
809 1611 999 1702 persuasitt)
1022 1619 1091 1679 tam
1110 1615 1176 1680 late
1199 1618 1309 1700 paten-

166 1729 210 1792 tis
234 1726 445 1792 dissensionis
468 1746 599 1791 caussas
623 1721 769 1787 intellexi
797 1722 926 1785 futurae
954 1720 1183 1804 disceptationi
1207 1745 1308 1788 reser-

167 1833 291 1899 vandas
320 1855 399 1898 esse.
429 1868 470 1879 —
500 1830 608 1895 Vnum
637 1834 687 1893 est
714 1832 821 1892 autem
850 1827 1001 1910 quiddam
1030 1827 1063 1891 in
1090 1829 1152 1893 hoc
1175 1831 1309 1896 metrico

167 1960 296 2024 genere,
310 1937 396 2024 qnod
411 1959 484 2003 cnm
499 1936 540 2001 ad
554 1934 782 1999 Menaechmus
796 1938 924 2017 praeter
939 1933 1020 2009 alias
1035 1933 1162 1999 fabulas
1177 1941 1313 2021 spectet,

166 2047 230 2112 hoc
261 2045 334 2111 loeo
367 2042 682 2110 commemorandum
715 2040 801 2105 duxi.
846 2039 931 2104 Nam
960 2062 1032 2104 cum
1062 2042 1096 2104 in
1124 2043 1309 2108 uuiversum

166 2157 261 2218 tanta
288 2152 332 2216 sit
358 2151 542 2217 fabularum
565 2148 789 2215 Plautiuarum
818 2146 962 2211 omnium
993 2148 1082 2212 etin
1106 2169 1254 2214 sermone
1278 2154 1312 2214 et

167 2260 201 2324 in
231 2279 439 2323 numerorum
470 2256 662 2320 tractatione
684 2253 924 2338 aequabilitas,
954 2256 991 2316 ut
1019 2253 1219 2339 singularum
1247 2257 1310 2321 dis-

167 2365 351 2450 crepantias
387 2364 618 2448 indagatorum
655 2361 829 2425 verendum
866 2360 909 2424 sit
944 2380 985 2423 ne
1017 2359 1204 2445 plerumque
1237 2385 1311 2447 spes

167 2470 289 2554 eludat,
311 2474 422 2535 tamen
447 2474 505 2534 aut
526 2467 671 2532 fallimur
689 2469 746 2531 aut
769 2489 788 2530 a
811 2466 972 2550 plerisque
994 2467 1115 2531 fabulis
1137 2467 1218 2532 haec
1240 2469 1312 2553 ipsa

167 2579 229 2642 hoc
248 2576 369 2660 distat*
383 2576 468 2661 quod
486 2577 589 2639 multo
613 2575 735 2638 maiore
759 2574 791 2638 in
814 2595 852 2638 eo
875 2573 967 2638 hiatu
992 2574 1192 2640 admittendo
1215 2576 1310 2639 liher-

167 2687 235 2748 tate
259 2705 320 2748 usa
342 2686 405 2766 est,
433 2703 497 2766 quo
519 2681 678 2746 trochaici
706 2681 882 2764 septenarii
905 2681 1001 2745 binae
1025 2685 1134 2764 partes
1158 2683 1311 2747 dirimun—

167 2795 229 2854 tur.
278 2790 399 2865 Quodsi
415 2801 416 2804 ’
431 2811 485 2853 eas
517 2788 658 2872 fabulas,
691 2787 729 2851 de
757 2787 875 2871 quibus
908 2809 946 2852 ex
975 2789 1141 2871 proposito
1170 2811 1189 2852 a
1217 2791 1312 2854 nobis

168 2901 327 2981 apparatu
352 2899 440 2960 certo
464 2894 600 2959 iudicari
625 2899 742 2978 potest,
765 2917 837 2959 cum
860 2894 921 2959 hac
945 2895 1118 2978 diligenter
1141 2896 1312 2960 contende-

167 3005 222 3087 ris,
247 3004 281 3067 iu
304 3003 398 3067 nulla
420 3003 471 3067 vel
497 3002 628 3066 omnino
652 3005 703 3066 tot
726 3005 805 3085 quot
832 3003 865 3064 in
888 3000 1108 3066 Menaechmis
1131 3002 1219 3066 illius
1242 3002 1311 3066 hia·

167 3116 221 3174 tus
247 3109 396 3192 exempla
415 3109 554 3192 reperies
574 3109 625 3172 vel
649 3111 700 3172 tot
721 3108 768 3172 ita
787 3113 974 3191 comparata
996 3112 1033 3172 ut
1054 3110 1178 3172 nullam
1200 3110 1241 3173 ab
1266 3111 1312 3173 eis

168 3215 423 3297 condicionibus,
446 3238 527 3299 quas
545 3216 785 3300 prolegomenis
800 3214 981 3279 Trinummi
1001 3216 1239 3301 explicavimus,
1262 3241 1314 3281 ex·

168 3324 372 3389 cusationem
403 3321 555 3387 habeant.
602 3323 649 3385 Ac
677 3322 817 3405 primum
851 3322 978 3406 quidem
1012 3344 1066 3387 eos
1095 3323 1171 3387 hine
1201 3346 1313 3388 versus

168 3450 396 3515 segregamus,
424 3451 562 3513 quorum
590 3429 624 3492 in
652 3429 800 3513 legitima
828 3449 962 3492 caesura
991 3428 1099 3494 hiatus
1124 3432 1313 3496 coniunctus

168 3542 219 3602 est
246 3559 321 3601 cum
349 3537 529 3600 mutatione
559 3557 784 3619 personarum,
813 3536 924 3619 quales
952 3536 1053 3599 habes
1083 3560 1110 3600 v.
1140 3539 1210 3602 152.
1239 3540 1314 3602 379.

169 3645 243 3710 384.
267 3644 343 3708 422.
368 3644 442 3706 650.
466 3643 540 3708 651.
565 3643 639 3707 868.
662 3642 736 3706 937.
763 3643 857 3706 1075.
884 3644 976 3707 1077.
1003 3645 1102 3708 1094:

169 3750 215 3844 Τρ
239 3771 375 3832 morare,
399 3748 482 3813 mihi
505 3770 602 3832 quom
627 3749 802 3833 obloquere
822 3773 845 3813 ::
865 3732 1002 3813 Oculum
1027 3751 1166 3816 ecfodito
1182 3785 1313 3816 -υ-.

170 3856 233 3920 Vbi
253 3860 324 3920 tute
344 3855 431 3920 hunc
451 3856 615 3920 hominem
634 3857 756 3920 nouisti
771 3878 794 3920 τε
810 3840 934 3919 Ibidem
953 3856 1009 3920 ubi
1029 3858 1082 3921 hic
1097 3879 1148 3920 me
1167 3859 1230 3921 idm
1251 3859 1314 3922 diu.

169 3961 276 4028 Nimis
301 3963 403 4027 miror
425 3962 502 4046 quid
525 3963 588 4027 hoc
611 3964 662 4027 est
683 3963 795 4046 negoti
809 3984 831 4025 z:
847 3948 981 4027 Oboluit
1003 3964 1235 4047 marsuppium.

171 4068 264 4134 Nunc
288 4069 417 4154 quando
441 4070 492 4133 uis
516 4080 627 4136 eamus
650 4069 736 4133 intro
751 4092 773 4132 2:
788 4050 899 4132 E‘tiam
922 4071 1100 4152 parasitum
1124 4093 1243 4134 manes.

171 4173 251 4251 Quis
283 4175 337 4239 hic
366 4175 499 4240 homost
521 4198 545 4240 τε
568 4174 797 4240 Menaechmus
831 4176 961 4259 quidam
985 4199 1012 4239 :t
1038 4157 1163 4260 ‘lddepol
1192 4177 1312 4240 factum

812 4283 967 4366 ne‘quiter.

171 4387 250 4463 Quis
270 4387 300 4452 is
320 4387 565 4453 Menaechmust
579 4413 603 4452 ::
618 4389 668 4452 Tri
687 4390 762 4454 istic
781 4391 913 4473 inquam
928 4414 950 4454 ::
965 4369 1081 4474 h‘lgone
1096 4390 1181 4454 :2'1'11
1197 4415 1220 4457 ::
1236 4392 1314 4467 Quis

812 4497 930 4581 arguit.
1242 4506 1245 4511 ⁴

171 4598 286 4665 Mihin’
310 4602 401 4685 equis
425 4602 543 4668 iunctis
567 4605 691 4668 minare
707 4627 729 4667 ::
744 4583 828 4668 ldcce
854 4604 974 4688 Apollo
998 4604 1111 4670 (tenuo.

172 4706 253 4781 Quid
285 4728 347 4790 ego
375 4708 439 4772 diui
465 4735 486 4774 :2
507 4710 654 4775 Insanu's
684 4711 815 4794 iuquam
841 4734 867 4773 :z
891 4689 1007 4794 ligone
1030 4736 1056 4774 :t
1080 4712 1129 4774 Tu
1159 4713 1231 4775 istic
1261 4713 1319 4795 qui

814 4817 902 4881 mihi.

176 4921 220 4984 Te
240 4922 338 4986 hodie
358 4945 483 4986 mecum
503 4923 590 4987 exire
610 4948 646 4986 ex
667 4924 742 4986 narii
763 4947 788 4986 ::
808 4904 983 4987 Enimuero
1008 4945 1144 5006 aequom
1164 4926 1320 5007 pdstulas.
