<?xml version="1.0" encoding="UTF-8"?>
<!DOCTYPE html PUBLIC "-//W3C//DTD XHTML 1.0 Transitional//EN"
    "http://www.w3.org/TR/xhtml1/DTD/xhtml1-transitional.dtd">
<html xmlns="http://www.w3.org/1999/xhtml" xml:lang="en" lang="en">
 <head>
  <title>
</title>
<meta http-equiv="Content-Type" content="text/html;charset=utf-8" />
  <meta name='ocr-system' content='tesseract 3.04.00' />
  <meta name='ocr-capabilities' content='ocr_page ocr_carea ocr_par ocr_line ocrx_word'/>
</head>
<body>
  <div class='ocr_page' id='page_1' title='image "./tmacciplauticom00schgoog_0636.png"; bbox 0 0 2956 5678; ppageno 0'>
   <div class='ocr_carea' id='block_1_1' title="bbox 173 821 1318 888">
    <p class='ocr_par' dir='ltr' id='par_1_1' title="bbox 173 821 1318 888">
     <span class='ocr_line' id='line_1_1' title="bbox 173 821 1318 888; baseline 0.012 -15"><span class='ocrx_word' id='word_1_1' title='bbox 173 821 197 873; x_wconf 88' lang='lat' dir='ltr'>v</span> <span class='ocrx_word' id='word_1_2' title='bbox 215 827 241 888; x_wconf 81' lang='lat' dir='ltr'>a,</span> <span class='ocrx_word' id='word_1_3' title='bbox 258 826 397 874; x_wconf 70' lang='lat' dir='ltr'>roa-106</span> <span class='ocrx_word' id='word_1_4' title='bbox 638 821 857 876; x_wconf 72' lang='lat' dir='ltr'><strong>MENAECHMI</strong></span> <span class='ocrx_word' id='word_1_5' title='bbox 1255 823 1318 887; x_wconf 85' lang='lat'>103</span> 
     </span>
    </p>
   </div>
   <div class='ocr_carea' id='block_1_2' title="bbox 173 969 1319 1072">
    <p class='ocr_par' dir='ltr' id='par_1_2' title="bbox 173 969 1319 1072">
     <span class='ocr_line' id='line_1_2' title="bbox 173 969 1319 1072; baseline 0.004 -26"><span class='ocrx_word' id='word_1_6' title='bbox 173 969 225 1046; x_wconf 85' lang='lat' dir='ltr'>lta</span> <span class='ocrx_word' id='word_1_7' title='bbox 255 984 336 1048; x_wconf 90' lang='lat' dir='ltr'>mihi</span> <span class='ocrx_word' id='word_1_8' title='bbox 364 985 515 1069; x_wconf 74' lang='lat' dir='ltr'>imperata,</span> <span class='ocrx_word' id='word_1_9' title='bbox 542 990 579 1050; x_wconf 88' lang='lat' dir='ltr'>ut</span> <span class='ocrx_word' id='word_1_10' title='bbox 608 1006 667 1071; x_wconf 84' lang='lat' dir='ltr'>ego</span> <span class='ocrx_word' id='word_1_11' title='bbox 697 986 791 1050; x_wconf 89' lang='lat' dir='ltr'>huius</span> <span class='ocrx_word' id='word_1_12' title='bbox 815 988 961 1050; x_wconf 76' lang='lat' dir='ltr'>membra</span> <span class='ocrx_word' id='word_1_13' title='bbox 989 989 1087 1070; x_wconf 87' lang='lat' dir='ltr'>atque</span> <span class='ocrx_word' id='word_1_14' title='bbox 1116 1009 1192 1052; x_wconf 87' lang='lat' dir='ltr'>ossa</span> <span class='ocrx_word' id='word_1_15' title='bbox 1222 991 1319 1072; x_wconf 86' lang='lat' dir='ltr'>atque</span> 
     </span>
    </p>
   </div>
   <div class='ocr_carea' id='block_1_3' title="bbox 175 1095 1317 1286">
    <p class='ocr_par' dir='ltr' id='par_1_3' title="bbox 175 1095 1317 1286">
     <span class='ocr_line' id='line_1_3' title="bbox 812 1095 1317 1157; baseline 0 0"><span class='ocrx_word' id='word_1_16' title='bbox 812 1095 908 1157; x_wconf 73' lang='lat' dir='ltr'>artua</span> <span class='ocrx_word' id='word_1_17' title='bbox 1265 1109 1317 1157; x_wconf 75' lang='lat' dir='ltr'>aaa</span> 
     </span>
     <span class='ocr_line' id='line_1_4' title="bbox 175 1196 998 1286; baseline 0.004 -24"><span class='ocrx_word' id='word_1_18' title='bbox 175 1196 401 1263; x_wconf 84' lang='lat' dir='ltr'>Cfimminuam</span> <span class='ocrx_word' id='word_1_19' title='bbox 424 1199 479 1263; x_wconf 93' lang='lat' dir='ltr'>illo</span> <span class='ocrx_word' id='word_1_20' title='bbox 505 1197 658 1283; x_wconf 74' lang='lat' dir='ltr'>scipione,</span> <span class='ocrx_word' id='word_1_21' title='bbox 681 1222 775 1286; x_wconf 89' lang='lat' dir='ltr'>quem</span> <span class='ocrx_word' id='word_1_22' title='bbox 799 1199 869 1284; x_wconf 81' lang='lat' dir='ltr'>ipse</span> <span class='ocrx_word' id='word_1_23' title='bbox 892 1199 998 1266; x_wconf 87' lang='lat' dir='ltr'>habet.</span> 
     </span>
    </p>
   </div>
   <div class='ocr_carea' id='block_1_4' title="bbox 695 1376 1317 1534">
    <p class='ocr_par' dir='ltr' id='par_1_4' title="bbox 695 1376 1317 1534">
     <span class='ocr_line' id='line_1_5' title="bbox 695 1376 797 1429; baseline -0.01 0"><span class='ocrx_word' id='word_1_24' title='bbox 695 1376 797 1429; x_wconf 74' lang='lat' dir='ltr'>Sanan&lt;</span> 
     </span>
     <span class='ocr_line' id='line_1_6' title="bbox 1024 1450 1317 1534; baseline 0.003 -21"><span class='ocrx_word' id='word_1_25' title='bbox 1024 1450 1163 1517; x_wconf 79' lang='lat' dir='ltr'>Dabitdr</span> <span class='ocrx_word' id='word_1_26' title='bbox 1186 1451 1317 1534; x_wconf 80' lang='lat' dir='ltr'>malum,</span> 
     </span>
    </p>
   </div>
   <div class='ocr_carea' id='block_1_5' title="bbox 175 1553 1232 1645">
    <p class='ocr_par' dir='ltr' id='par_1_5' title="bbox 175 1553 1232 1645">
     <span class='ocr_line' id='line_1_7' title="bbox 175 1553 1232 1645; baseline 0.002 -27"><span class='ocrx_word' id='word_1_27' title='bbox 175 1553 233 1645; x_wconf 52' lang='lat' dir='ltr'>Mes</span> <span class='ocrx_word' id='word_1_28' title='bbox 249 1554 378 1638; x_wconf 87' lang='lat' dir='ltr'>quidem</span> <span class='ocrx_word' id='word_1_29' title='bbox 402 1555 430 1619; x_wconf 86' lang='lat' dir='ltr'>si</span> <span class='ocrx_word' id='word_1_30' title='bbox 454 1553 601 1641; x_wconf 84' lang='lat' dir='ltr'>attigeris</span> <span class='ocrx_word' id='word_1_31' title='bbox 625 1558 683 1620; x_wconf 91' lang='lat' dir='ltr'>aut</span> <span class='ocrx_word' id='word_1_32' title='bbox 706 1555 733 1619; x_wconf 90' lang='lat' dir='ltr'>si</span> <span class='ocrx_word' id='word_1_33' title='bbox 756 1556 889 1639; x_wconf 78' lang='lat' dir='ltr'>prfipius</span> <span class='ocrx_word' id='word_1_34' title='bbox 914 1556 953 1620; x_wconf 88' lang='lat' dir='ltr'>ad</span> <span class='ocrx_word' id='word_1_35' title='bbox 977 1578 1028 1620; x_wconf 89' lang='lat' dir='ltr'>me</span> <span class='ocrx_word' id='word_1_36' title='bbox 1052 1558 1232 1621; x_wconf 76' lang='lat' dir='ltr'>accesseris.</span> 
     </span>
    </p>
   </div>
   <div class='ocr_carea' id='block_1_6' title="bbox 641 1745 857 1801">
    <p class='ocr_par' dir='ltr' id='par_1_6' title="bbox 641 1745 857 1801">
     <span class='ocr_line' id='line_1_8' title="bbox 641 1745 857 1801; baseline 0.009 -3"><span class='ocrx_word' id='word_1_37' title='bbox 641 1745 857 1801; x_wconf 74' lang='lat' dir='ltr'>Mannncnnvs</span> 
     </span>
    </p>
   </div>
   <div class='ocr_carea' id='block_1_7' title="bbox 172 1855 1318 2135">
    <p class='ocr_par' dir='ltr' id='par_1_7' title="bbox 172 1855 1318 2135">
     <span class='ocr_line' id='line_1_9' title="bbox 174 1855 1318 1941; baseline 0.003 -22"><span class='ocrx_word' id='word_1_38' title='bbox 174 1855 303 1921; x_wconf 73' lang='lat' dir='ltr'>Faciam</span> <span class='ocrx_word' id='word_1_39' title='bbox 333 1856 418 1940; x_wconf 88' lang='lat' dir='ltr'>quod</span> <span class='ocrx_word' id='word_1_40' title='bbox 448 1855 554 1920; x_wconf 77' lang='lat' dir='ltr'>iubes:</span> <span class='ocrx_word' id='word_1_41' title='bbox 584 1855 721 1919; x_wconf 88' lang='lat' dir='ltr'>securim</span> <span class='ocrx_word' id='word_1_42' title='bbox 750 1858 875 1939; x_wconf 77' lang='lat' dir='ltr'>capiam</span> <span class='ocrx_word' id='word_1_43' title='bbox 904 1857 1078 1939; x_wconf 79' lang='lat' dir='ltr'>ancipitem</span> <span class='ocrx_word' id='word_1_44' title='bbox 1108 1862 1205 1941; x_wconf 88' lang='lat' dir='ltr'>atque</span> <span class='ocrx_word' id='word_1_45' title='bbox 1232 1857 1318 1922; x_wconf 75' lang='lat' dir='ltr'>haino</span> 
     </span>
     <span class='ocr_line' id='line_1_10' title="bbox 811 1985 999 2027; baseline -0.005 0"><span class='ocrx_word' id='word_1_46' title='bbox 811 1985 920 2027; x_wconf 89' lang='lat' dir='ltr'>senem</span> <span class='ocrx_word' id='word_1_47' title='bbox 948 1986 999 2026; x_wconf 77' lang='grc' dir='ltr'>-ε</span> 
     </span>
     <span class='ocr_line' id='line_1_11' title="bbox 172 2053 867 2135; baseline 0.004 -3"><span class='ocrx_word' id='word_1_48' title='bbox 172 2053 252 2134; x_wconf 82' lang='lat' dir='ltr'>(lsse</span> <span class='ocrx_word' id='word_1_49' title='bbox 277 2071 333 2133; x_wconf 88' lang='lat' dir='ltr'>fini</span> <span class='ocrx_word' id='word_1_50' title='bbox 359 2069 518 2134; x_wconf 86' lang='lat' dir='ltr'>de&#39;dolabo</span> <span class='ocrx_word' id='word_1_51' title='bbox 541 2070 711 2134; x_wconf 79' lang='lat' dir='ltr'>fissulatim</span> <span class='ocrx_word' id='word_1_52' title='bbox 736 2069 867 2135; x_wconf 84' lang='lat' dir='ltr'>uiscera</span> 
     </span>
    </p>
   </div>
   <div class='ocr_carea' id='block_1_8' title="bbox 164 2332 1315 3359">
    <p class='ocr_par' dir='ltr' id='par_1_8' title="bbox 164 2332 1315 3359">
     <span class='ocr_line' id='line_1_12' title="bbox 261 2332 1315 2402; baseline -0.001 -13"><span class='ocrx_word' id='word_1_53' title='bbox 261 2339 322 2389; x_wconf 79' lang='grc'><strong><em>815.</em></strong></span> <span class='ocrx_word' id='word_1_54' title='bbox 344 2335 510 2389; x_wconf 80' lang='lat' dir='ltr'>Priscianus</span> <span class='ocrx_word' id='word_1_55' title='bbox 527 2335 591 2388; x_wconf 81' lang='lat' dir='ltr'>lust.</span> <span class='ocrx_word' id='word_1_56' title='bbox 617 2334 663 2387; x_wconf 89' lang='lat' dir='ltr'>VI</span> <span class='ocrx_word' id='word_1_57' title='bbox 680 2339 716 2388; x_wconf 82' lang='lat'>77</span> <span class='ocrx_word' id='word_1_58' title='bbox 737 2351 767 2402; x_wconf 87' lang='lat' dir='ltr'>p.</span> <span class='ocrx_word' id='word_1_59' title='bbox 786 2336 860 2401; x_wconf 77' lang='lat'>262,</span> <span class='ocrx_word' id='word_1_60' title='bbox 884 2334 963 2388; x_wconf 87' lang='grc' dir='ltr'><strong>5Η..·</strong></span> <span class='ocrx_word' id='word_1_61' title='bbox 987 2332 1119 2387; x_wconf 85' lang='lat' dir='ltr'>similiter</span> <span class='ocrx_word' id='word_1_62' title='bbox 1137 2336 1222 2388; x_wconf 73' lang='lat' dir='ltr'>artus.</span> <span class='ocrx_word' id='word_1_63' title='bbox 1261 2334 1315 2388; x_wconf 88' lang='lat' dir='ltr'>hoa</span> 
     </span>
     <span class='ocr_line' id='line_1_13' title="bbox 166 2412 1314 2482; baseline -0.001 -15"><span class='ocrx_word' id='word_1_64' title='bbox 166 2413 243 2467; x_wconf 87' lang='lat' dir='ltr'>enim</span> <span class='ocrx_word' id='word_1_65' title='bbox 267 2431 379 2482; x_wconf 86' lang='lat' dir='ltr'>quoquc</span> <span class='ocrx_word' id='word_1_66' title='bbox 402 2432 464 2468; x_wconf 89' lang='lat' dir='ltr'>cum</span> <span class='ocrx_word' id='word_1_67' title='bbox 487 2417 587 2468; x_wconf 83' lang='lat' dir='ltr'>neutro</span> <span class='ocrx_word' id='word_1_68' title='bbox 611 2412 697 2468; x_wconf 87' lang='lat' dir='ltr'>etiam</span> <span class='ocrx_word' id='word_1_69' title='bbox 723 2431 824 2482; x_wconf 83' lang='lat' dir='ltr'>genere</span> <span class='ocrx_word' id='word_1_70' title='bbox 842 2414 895 2467; x_wconf 90' lang='lat' dir='ltr'>hoc</span> <span class='ocrx_word' id='word_1_71' title='bbox 915 2417 978 2468; x_wconf 85' lang='lat' dir='ltr'>artu</span> <span class='ocrx_word' id='word_1_72' title='bbox 997 2415 1105 2466; x_wconf 87' lang='lat' dir='ltr'>ueteres</span> <span class='ocrx_word' id='word_1_73' title='bbox 1125 2414 1314 2482; x_wconf 84' lang='lat' dir='ltr'>proferebant,</span> 
     </span>
     <span class='ocr_line' id='line_1_14' title="bbox 166 2491 1312 2562; baseline 0 -15"><span class='ocrx_word' id='word_1_74' title='bbox 166 2492 239 2548; x_wconf 87' lang='lat' dir='ltr'>benc</span> <span class='ocrx_word' id='word_1_75' title='bbox 253 2496 405 2551; x_wconf 85' lang='lat' dir='ltr'>secundum</span> <span class='ocrx_word' id='word_1_76' title='bbox 419 2497 546 2562; x_wconf 87' lang='lat' dir='ltr'>quartam</span> <span class='ocrx_word' id='word_1_77' title='bbox 563 2494 730 2548; x_wconf 84' lang='lat' dir='ltr'>declinatur.</span> <span class='ocrx_word' id='word_1_78' title='bbox 768 2492 863 2546; x_wconf 84' lang='lat' dir='ltr'>omnia</span> <span class='ocrx_word' id='word_1_79' title='bbox 877 2491 952 2545; x_wconf 84' lang='lat' dir='ltr'>anim</span> <span class='ocrx_word' id='word_1_80' title='bbox 973 2492 1134 2559; x_wconf 78' lang='lat' dir='ltr'>masculina,</span> <span class='ocrx_word' id='word_1_81' title='bbox 1155 2509 1227 2560; x_wconf 88' lang='lat' dir='ltr'>quae</span> <span class='ocrx_word' id='word_1_82' title='bbox 1247 2510 1312 2547; x_wconf 88' lang='lat' dir='ltr'>ncu-</span> 
     </span>
     <span class='ocr_line' id='line_1_15' title="bbox 170 2570 1313 2642; baseline -0.002 -14"><span class='ocrx_word' id='word_1_83' title='bbox 170 2577 217 2628; x_wconf 84' lang='lat' dir='ltr'>lra</span> <span class='ocrx_word' id='word_1_84' title='bbox 236 2590 348 2642; x_wconf 87' lang='lat' dir='ltr'>quoqne</span> <span class='ocrx_word' id='word_1_85' title='bbox 367 2572 394 2626; x_wconf 90' lang='lat' dir='ltr'>in</span> <span class='ocrx_word' id='word_1_86' title='bbox 416 2591 432 2625; x_wconf 93' lang='lat' dir='ltr'>n</span> <span class='ocrx_word' id='word_1_87' title='bbox 451 2570 609 2625; x_wconf 76' lang='lat' dir='ltr'><strong>desinentia</strong></span> <span class='ocrx_word' id='word_1_88' title='bbox 627 2571 815 2639; x_wconf 84' lang='lat' dir='ltr'>inueniuntur,</span> <span class='ocrx_word' id='word_1_89' title='bbox 835 2571 959 2625; x_wconf 88' lang='lat' dir='ltr'>eiusdem</span> <span class='ocrx_word' id='word_1_90' title='bbox 975 2574 1040 2625; x_wconf 88' lang='lat' dir='ltr'>sunt</span> <span class='ocrx_word' id='word_1_91' title='bbox 1058 2571 1262 2639; x_wconf 70' lang='lat' dir='ltr'>declinationis,</span> <span class='ocrx_word' id='word_1_92' title='bbox 1283 2577 1313 2627; x_wconf 88' lang='lat' dir='ltr'>ut</span> 
     </span>
     <span class='ocr_line' id='line_1_16' title="bbox 167 2647 1311 2720; baseline 0 -14"><span class='ocrx_word' id='word_1_93' title='bbox 167 2653 217 2707; x_wconf 88' lang='lat' dir='ltr'>hio</span> <span class='ocrx_word' id='word_1_94' title='bbox 237 2652 357 2706; x_wconf 78' lang='lat' dir='ltr'>tonitrus</span> <span class='ocrx_word' id='word_1_95' title='bbox 376 2651 563 2717; x_wconf 70' lang='lat' dir='ltr'>baetonibus,</span> <span class='ocrx_word' id='word_1_96' title='bbox 583 2651 628 2704; x_wconf 81' lang='lat' dir='ltr'>nie</span> <span class='ocrx_word' id='word_1_97' title='bbox 647 2667 747 2704; x_wconf 86' lang='lat' dir='ltr'>cornus</span> <span class='ocrx_word' id='word_1_98' title='bbox 766 2652 819 2706; x_wconf 91' lang='lat' dir='ltr'>hoc</span> <span class='ocrx_word' id='word_1_99' title='bbox 839 2668 932 2707; x_wconf 89' lang='lat' dir='ltr'>corna.</span> <span class='ocrx_word' id='word_1_100' title='bbox 970 2669 1036 2720; x_wconf 83' lang='lat' dir='ltr'>ergo</span> <span class='ocrx_word' id='word_1_101' title='bbox 1056 2651 1186 2706; x_wconf 87' lang='lat' dir='ltr'>similiter</span> <span class='ocrx_word' id='word_1_102' title='bbox 1204 2647 1250 2706; x_wconf 84' lang='lat' dir='ltr'>hic</span> <span class='ocrx_word' id='word_1_103' title='bbox 1269 2671 1311 2706; x_wconf 82' lang='lat' dir='ltr'>ar-</span> 
     </span>
     <span class='ocr_line' id='line_1_17' title="bbox 168 2729 1310 2787; baseline -0.002 0"><span class='ocrx_word' id='word_1_104' title='bbox 168 2738 216 2787; x_wconf 85' lang='lat' dir='ltr'>tus</span> <span class='ocrx_word' id='word_1_105' title='bbox 233 2735 285 2786; x_wconf 88' lang='lat' dir='ltr'>hoc</span> <span class='ocrx_word' id='word_1_106' title='bbox 300 2735 371 2786; x_wconf 87' lang='lat' dir='ltr'>artu.</span> <span class='ocrx_word' id='word_1_107' title='bbox 409 2730 526 2785; x_wconf 81' lang='lat' dir='ltr'>Plautus</span> <span class='ocrx_word' id='word_1_108' title='bbox 545 2731 574 2783; x_wconf 90' lang='lat' dir='ltr'>in</span> <span class='ocrx_word' id='word_1_109' title='bbox 584 2729 775 2784; x_wconf 83' lang='lat' dir='ltr'>Menaechmis</span> <span class='ocrx_word' id='word_1_110' title='bbox 796 2732 863 2785; x_wconf 87' lang='lat' dir='ltr'>‘ita</span> <span class='ocrx_word' id='word_1_111' title='bbox 880 2732 961 2785; x_wconf 91' lang='lat' dir='ltr'>mihi</span> <span class='ocrx_word' id='word_1_112' title='bbox 978 2775 983 2786; x_wconf 89' lang='lat'><strong><em>.</em></strong></span> <span class='ocrx_word' id='word_1_113' title='bbox 1000 2775 1006 2786; x_wconf 95' lang='lat'>.</span> <span class='ocrx_word' id='word_1_114' title='bbox 1023 2774 1028 2785; x_wconf 93' lang='lat'>.</span> <span class='ocrx_word' id='word_1_115' title='bbox 1045 2773 1050 2784; x_wconf 88' lang='lat'>.</span> <span class='ocrx_word' id='word_1_116' title='bbox 1067 2732 1310 2786; x_wconf 81' lang='lat' dir='ltr'>comminuam&#39;</span> 
     </span>
     <span class='ocr_line' id='line_1_18' title="bbox 165 2810 1313 2881; baseline -0.002 -14"><span class='ocrx_word' id='word_1_117' title='bbox 165 2814 284 2868; x_wconf 82' lang='lat' dir='ltr'>Nonius</span> <span class='ocrx_word' id='word_1_118' title='bbox 300 2829 328 2881; x_wconf 87' lang='lat' dir='ltr'>p.</span> <span class='ocrx_word' id='word_1_119' title='bbox 348 2817 411 2879; x_wconf 82' lang='grc'><strong><em>191,</em></strong></span> <span class='ocrx_word' id='word_1_120' title='bbox 432 2817 466 2865; x_wconf 88' lang='grc'>10</span> <span class='ocrx_word' id='word_1_121' title='bbox 478 2811 532 2864; x_wconf 88' lang='grc' dir='ltr'><strong>Μ..·</strong></span> <span class='ocrx_word' id='word_1_122' title='bbox 559 2813 647 2864; x_wconf 87' lang='lat' dir='ltr'>Artna</span> <span class='ocrx_word' id='word_1_123' title='bbox 666 2814 765 2865; x_wconf 87' lang='lat' dir='ltr'>neutro</span> <span class='ocrx_word' id='word_1_124' title='bbox 783 2829 885 2880; x_wconf 84' lang='lat' dir='ltr'>genere</span> <span class='ocrx_word' id='word_1_125' title='bbox 904 2811 1019 2864; x_wconf 89' lang='lat' dir='ltr'>Plautus</span> <span class='ocrx_word' id='word_1_126' title='bbox 1039 2810 1226 2865; x_wconf 77' lang='lat' dir='ltr'>Menaechmis</span> <span class='ocrx_word' id='word_1_127' title='bbox 1247 2813 1313 2865; x_wconf 87' lang='lat' dir='ltr'>‘ita</span> 
     </span>
     <span class='ocr_line' id='line_1_19' title="bbox 164 2890 1313 2959; baseline 0 -13"><span class='ocrx_word' id='word_1_128' title='bbox 164 2891 393 2947; x_wconf 88' lang='lat' dir='ltr'>....artna’.·</span> <span class='ocrx_word' id='word_1_129' title='bbox 412 2892 448 2957; x_wconf 78' lang='lat' dir='ltr'>af.</span> <span class='ocrx_word' id='word_1_130' title='bbox 467 2890 612 2944; x_wconf 77' lang='lat' dir='ltr'>Reblina&#39;us</span> <span class='ocrx_word' id='word_1_131' title='bbox 632 2907 661 2959; x_wconf 85' lang='lat' dir='ltr'>p.</span> <span class='ocrx_word' id='word_1_132' title='bbox 681 2894 718 2943; x_wconf 85' lang='grc'>69</span> <span class='ocrx_word' id='word_1_133' title='bbox 737 2894 797 2958; x_wconf 81' lang='lat' dir='ltr'>(orn.</span> <span class='ocrx_word' id='word_1_134' title='bbox 822 2891 958 2946; x_wconf 78' lang='lat' dir='ltr'>Valrlruus</span> <span class='ocrx_word' id='word_1_135' title='bbox 976 2908 1037 2945; x_wconf 90' lang='lat' dir='ltr'>cum</span> <span class='ocrx_word' id='word_1_136' title='bbox 1056 2890 1095 2959; x_wconf 66' lang='lat' dir='ltr'>a)</span> <span class='ocrx_word' id='word_1_137' title='bbox 1177 2897 1236 2945; x_wconf 80' lang='grc'><strong><em>819.</em></strong></span> <span class='ocrx_word' id='word_1_138' title='bbox 1256 2892 1313 2946; x_wconf 86' lang='grc' dir='ltr'>Νο·</span> 
     </span>
     <span class='ocr_line' id='line_1_20' title="bbox 167 2969 1313 3041; baseline -0.003 -14"><span class='ocrx_word' id='word_1_139' title='bbox 167 2975 237 3028; x_wconf 74' lang='lat' dir='ltr'>nitas</span> <span class='ocrx_word' id='word_1_140' title='bbox 252 2989 283 3041; x_wconf 81' lang='lat' dir='ltr'>p.</span> <span class='ocrx_word' id='word_1_141' title='bbox 302 2976 354 3037; x_wconf 80' lang='lat'>72,</span> <span class='ocrx_word' id='word_1_142' title='bbox 372 2974 411 3024; x_wconf 76' lang='lat'>28</span> <span class='ocrx_word' id='word_1_143' title='bbox 420 2970 475 3025; x_wconf 74' lang='lat' dir='ltr'>M:</span> <span class='ocrx_word' id='word_1_144' title='bbox 498 2969 643 3023; x_wconf 69' lang='lat' dir='ltr'>assulatim</span> <span class='ocrx_word' id='word_1_145' title='bbox 669 2971 700 3022; x_wconf 84' lang='lat' dir='ltr'>ut</span> <span class='ocrx_word' id='word_1_146' title='bbox 723 2969 905 3025; x_wconf 86' lang='lat' dir='ltr'>minutatim.</span> <span class='ocrx_word' id='word_1_147' title='bbox 922 3013 927 3025; x_wconf 90' lang='lat'><strong><em>.</em></strong></span> <span class='ocrx_word' id='word_1_148' title='bbox 944 3015 950 3027; x_wconf 87' lang='lat'><em>.</em></span> <span class='ocrx_word' id='word_1_149' title='bbox 967 2972 1104 3025; x_wconf 87' lang='lat' dir='ltr'>.Plantus</span> <span class='ocrx_word' id='word_1_150' title='bbox 1124 2969 1313 3025; x_wconf 82' lang='lat' dir='ltr'>Menaechmis</span> 
     </span>
     <span class='ocr_line' id='line_1_21' title="bbox 167 3048 1313 3106; baseline -0.002 0"><span class='ocrx_word' id='word_1_151' title='bbox 167 3051 252 3106; x_wconf 86' lang='lat' dir='ltr'>‘nisi</span> <span class='ocrx_word' id='word_1_152' title='bbox 281 3051 453 3105; x_wconf 84' lang='lat' dir='ltr'>dedolabo</span> <span class='ocrx_word' id='word_1_153' title='bbox 483 3048 666 3103; x_wconf 86' lang='lat' dir='ltr'>assulatim</span> <span class='ocrx_word' id='word_1_154' title='bbox 698 3050 863 3105; x_wconf 84' lang='lat' dir='ltr'>uiscera’:</span> <span class='ocrx_word' id='word_1_155' title='bbox 888 3053 937 3106; x_wconf 81' lang='lat' dir='ltr'>ubi</span> <span class='ocrx_word' id='word_1_156' title='bbox 965 3050 1013 3104; x_wconf 92' lang='lat' dir='ltr'>fini</span> <span class='ocrx_word' id='word_1_157' title='bbox 1047 3051 1170 3105; x_wconf 81' lang='lat' dir='ltr'>Nonium</span> <span class='ocrx_word' id='word_1_158' title='bbox 1198 3052 1313 3104; x_wconf 81' lang='lat' dir='ltr'>voluisse</span> 
     </span>
     <span class='ocr_line' id='line_1_22' title="bbox 169 3129 1313 3199; baseline -0.003 -13"><span class='ocrx_word' id='word_1_159' title='bbox 169 3133 315 3186; x_wconf 74' lang='lat' dir='ltr'>Valdenua</span> <span class='ocrx_word' id='word_1_160' title='bbox 333 3132 471 3197; x_wconf 74' lang='lat' dir='ltr'>affirmat,</span> <span class='ocrx_word' id='word_1_161' title='bbox 497 3129 569 3197; x_wconf 77' lang='lat' dir='ltr'>qaod</span> <span class='ocrx_word' id='word_1_162' title='bbox 588 3130 614 3183; x_wconf 82' lang='lat' dir='ltr'>ai</span> <span class='ocrx_word' id='word_1_163' title='bbox 636 3146 727 3182; x_wconf 85' lang='lat' dir='ltr'>verum</span> <span class='ocrx_word' id='word_1_164' title='bbox 746 3135 825 3194; x_wconf 83' lang='lat' dir='ltr'>esset,</span> <span class='ocrx_word' id='word_1_165' title='bbox 850 3137 918 3185; x_wconf 83' lang='lat' dir='ltr'>certa</span> <span class='ocrx_word' id='word_1_166' title='bbox 936 3147 993 3183; x_wconf 83' lang='lat' dir='ltr'>non</span> <span class='ocrx_word' id='word_1_167' title='bbox 1010 3131 1058 3184; x_wconf 81' lang='lat' dir='ltr'>hoc</span> <span class='ocrx_word' id='word_1_168' title='bbox 1075 3131 1237 3184; x_wconf 84' lang='lat' dir='ltr'>vocabulum</span> <span class='ocrx_word' id='word_1_169' title='bbox 1252 3132 1313 3199; x_wconf 81' lang='lat' dir='ltr'>pri-</span> 
     </span>
     <span class='ocr_line' id='line_1_23' title="bbox 166 3209 1312 3281; baseline 0 -16"><span class='ocrx_word' id='word_1_170' title='bbox 166 3231 241 3266; x_wconf 88' lang='lat' dir='ltr'>mum</span> <span class='ocrx_word' id='word_1_171' title='bbox 263 3213 406 3281; x_wconf 72' lang='lat' dir='ltr'>posonen.</span> <span class='ocrx_word' id='word_1_172' title='bbox 446 3209 487 3276; x_wconf 76' lang='lat' dir='ltr'>Os.</span> <span class='ocrx_word' id='word_1_173' title='bbox 506 3209 651 3264; x_wconf 81' lang='lat' dir='ltr'>Rebliniua</span> <span class='ocrx_word' id='word_1_174' title='bbox 671 3225 699 3276; x_wconf 85' lang='lat' dir='ltr'>p.</span> <span class='ocrx_word' id='word_1_175' title='bbox 720 3214 769 3275; x_wconf 82' lang='lat'>57,</span> <span class='ocrx_word' id='word_1_176' title='bbox 793 3209 894 3267; x_wconf 80' lang='lat' dir='ltr'>Cacsar</span> <span class='ocrx_word' id='word_1_177' title='bbox 908 3227 938 3277; x_wconf 89' lang='lat' dir='ltr'>p.</span> <span class='ocrx_word' id='word_1_178' title='bbox 957 3214 1002 3264; x_wconf 77' lang='lat'>28.</span> <span class='ocrx_word' id='word_1_179' title='bbox 1042 3211 1188 3265; x_wconf 79' lang='lat' dir='ltr'>Praeterea</span> <span class='ocrx_word' id='word_1_180' title='bbox 1206 3213 1312 3265; x_wconf 83' lang='lat' dir='ltr'>assula-</span> 
     </span>
     <span class='ocr_line' id='line_1_24' title="bbox 164 3287 1182 3359; baseline -0.003 -11"><span class='ocrx_word' id='word_1_181' title='bbox 164 3298 218 3348; x_wconf 81' lang='lat' dir='ltr'>tim</span> <span class='ocrx_word' id='word_1_182' title='bbox 238 3295 304 3347; x_wconf 76' lang='lat' dir='ltr'>hiric</span> <span class='ocrx_word' id='word_1_183' title='bbox 321 3292 400 3346; x_wconf 80' lang='lat' dir='ltr'>babet</span> <span class='ocrx_word' id='word_1_184' title='bbox 416 3291 580 3359; x_wconf 67' lang='lat' dir='ltr'>cloacarium</span> <span class='ocrx_word' id='word_1_185' title='bbox 602 3289 779 3343; x_wconf 81' lang='lat' dir='ltr'>Plautinum:</span> <span class='ocrx_word' id='word_1_186' title='bbox 799 3291 832 3356; x_wconf 79' lang='lat' dir='ltr'>cs.</span> <span class='ocrx_word' id='word_1_187' title='bbox 855 3287 883 3341; x_wconf 73' lang='lat' dir='ltr'>&#39;sl</span> <span class='ocrx_word' id='word_1_188' title='bbox 904 3291 1000 3358; x_wconf 78' lang='lat' dir='ltr'>Opaca.</span> <span class='ocrx_word' id='word_1_189' title='bbox 1022 3290 1063 3342; x_wconf 92' lang='grc' dir='ltr'>ΙΙ</span> <span class='ocrx_word' id='word_1_190' title='bbox 1076 3307 1106 3359; x_wconf 87' lang='lat' dir='ltr'>p.</span> <span class='ocrx_word' id='word_1_191' title='bbox 1124 3293 1182 3345; x_wconf 79' lang='lat'>252</span> 
     </span>
    </p>
   </div>
   <div class='ocr_carea' id='block_1_9' title="bbox 163 3538 1314 4329">
    <p class='ocr_par' dir='ltr' id='par_1_9' title="bbox 163 3538 1314 4088">
     <span class='ocr_line' id='line_1_25' title="bbox 163 3538 1311 3612; baseline -0.002 -16"><span class='ocrx_word' id='word_1_192' title='bbox 163 3563 191 3612; x_wconf 82' lang='lat' dir='ltr'>p,</span> <span class='ocrx_word' id='word_1_193' title='bbox 212 3547 285 3606; x_wconf 77' lang='lat'>479,</span> <span class='ocrx_word' id='word_1_194' title='bbox 311 3541 386 3595; x_wconf 84' lang='lat' dir='ltr'>cluet</span> <span class='ocrx_word' id='word_1_195' title='bbox 412 3556 473 3594; x_wconf 80' lang='lat' dir='ltr'>cunr</span> <span class='ocrx_word' id='word_1_196' title='bbox 491 3540 630 3607; x_wconf 80' lang='lat' dir='ltr'>Scalipero</span> <span class='ocrx_word' id='word_1_197' title='bbox 653 3544 678 3593; x_wconf 85' lang='lat' dir='ltr'>el</span> <span class='ocrx_word' id='word_1_198' title='bbox 703 3538 849 3592; x_wconf 76' lang='lat' dir='ltr'>Palmaria.</span> <span class='ocrx_word' id='word_1_199' title='bbox 877 3539 924 3606; x_wconf 86' lang='lat' dir='ltr'>qni</span> <span class='ocrx_word' id='word_1_200' title='bbox 949 3540 1025 3594; x_wconf 86' lang='lat' dir='ltr'>lacet</span> <span class='ocrx_word' id='word_1_201' title='bbox 1043 3556 1132 3610; x_wconf 85' lang='lat' dir='ltr'>cygno</span> <span class='ocrx_word' id='word_1_202' title='bbox 1151 3540 1177 3592; x_wconf 86' lang='lat' dir='ltr'><em>Z</em></span> <span class='ocrx_word' id='word_1_203' title='bbox 1193 3558 1226 3594; x_wconf 79' lang='lat' dir='ltr'>en</span> <span class='ocrx_word' id='word_1_204' title='bbox 1248 3540 1311 3594; x_wconf 85' lang='lat' dir='ltr'>Pri-</span> 
     </span>
     <span class='ocr_line' id='line_1_26' title="bbox 165 3619 1310 3690; baseline -0.006 -12"><span class='ocrx_word' id='word_1_205' title='bbox 165 3625 263 3678; x_wconf 77' lang='lat' dir='ltr'>aciano</span> <span class='ocrx_word' id='word_1_206' title='bbox 289 3622 356 3689; x_wconf 77' lang='lat' dir='ltr'>(nisi</span> <span class='ocrx_word' id='word_1_207' title='bbox 380 3621 453 3690; x_wconf 73' lang='lat' dir='ltr'>quod</span> <span class='ocrx_word' id='word_1_208' title='bbox 478 3619 549 3672; x_wconf 89' lang='lat' dir='ltr'>lucit</span> <span class='ocrx_word' id='word_1_209' title='bbox 566 3620 611 3685; x_wconf 85' lang='lat' dir='ltr'>K,</span> <span class='ocrx_word' id='word_1_210' title='bbox 637 3636 708 3687; x_wconf 79' lang='lat' dir='ltr'>cyno</span> <span class='ocrx_word' id='word_1_211' title='bbox 728 3619 792 3674; x_wconf 80' lang='lat' dir='ltr'>KR.</span> <span class='ocrx_word' id='word_1_212' title='bbox 820 3636 907 3687; x_wconf 86' lang='lat' dir='ltr'>cycno</span> <span class='ocrx_word' id='word_1_213' title='bbox 927 3621 964 3672; x_wconf 87' lang='grc'>11.</span> <span class='ocrx_word' id='word_1_214' title='bbox 991 3633 1095 3673; x_wconf 76' lang='lat' dir='ltr'>cna-no</span> <span class='ocrx_word' id='word_1_215' title='bbox 1115 3621 1149 3673; x_wconf 92' lang='lat' dir='ltr'>B.</span> <span class='ocrx_word' id='word_1_216' title='bbox 1177 3620 1257 3674; x_wconf 89' lang='lat' dir='ltr'>ciono</span> <span class='ocrx_word' id='word_1_217' title='bbox 1277 3622 1310 3673; x_wconf 86' lang='lat' dir='ltr'>G.</span> 
     </span>
     <span class='ocr_line' id='line_1_27' title="bbox 165 3698 1312 3773; baseline -0.003 -16"><span class='ocrx_word' id='word_1_218' title='bbox 165 3703 249 3773; x_wconf 87' lang='lat' dir='ltr'>cigno</span> <span class='ocrx_word' id='word_1_219' title='bbox 270 3702 382 3769; x_wconf 81' lang='lat' dir='ltr'><strong><em>ADL).</em></strong></span> <span class='ocrx_word' id='word_1_220' title='bbox 420 3718 507 3769; x_wconf 86' lang='lat' dir='ltr'>cycno</span> <span class='ocrx_word' id='word_1_221' title='bbox 526 3700 695 3768; x_wconf 81' lang='lat' dir='ltr'>prognatum</span> <span class='ocrx_word' id='word_1_222' title='bbox 716 3698 820 3764; x_wconf 81' lang='lat'><em>1301),</em></span> <span class='ocrx_word' id='word_1_223' title='bbox 839 3700 895 3751; x_wconf 73' lang='lat' dir='ltr'>nial</span> <span class='ocrx_word' id='word_1_224' title='bbox 913 3701 985 3766; x_wconf 76' lang='lat' dir='ltr'>quad</span> <span class='ocrx_word' id='word_1_225' title='bbox 1004 3698 1084 3752; x_wconf 89' lang='lat' dir='ltr'>cicno</span> <span class='ocrx_word' id='word_1_226' title='bbox 1103 3717 1136 3752; x_wconf 80' lang='lat' dir='ltr'>aa·</span> <span class='ocrx_word' id='word_1_227' title='bbox 1156 3700 1232 3753; x_wconf 76' lang='lat' dir='ltr'>cinno</span> <span class='ocrx_word' id='word_1_228' title='bbox 1253 3700 1312 3753; x_wconf 88' lang='lat' dir='ltr'>Da.</span> 
     </span>
     <span class='ocr_line' id='line_1_28' title="bbox 165 3779 1313 3851; baseline -0.005 -15"><span class='ocrx_word' id='word_1_229' title='bbox 165 3783 248 3851; x_wconf 79' lang='lat' dir='ltr'>cigno</span> <span class='ocrx_word' id='word_1_230' title='bbox 277 3782 325 3835; x_wconf 90' lang='lat' dir='ltr'>Dc</span> <span class='ocrx_word' id='word_1_231' title='bbox 351 3784 449 3849; x_wconf 85' lang='lat' dir='ltr'>(cycno</span> <span class='ocrx_word' id='word_1_232' title='bbox 476 3779 529 3834; x_wconf 85' lang='lat' dir='ltr'>Dd</span> <span class='ocrx_word' id='word_1_233' title='bbox 556 3781 653 3847; x_wconf 80' lang='lat' dir='ltr'>marp.)</span> <span class='ocrx_word' id='word_1_234' title='bbox 684 3783 708 3831; x_wconf 82' lang='lat' dir='ltr'>el</span> <span class='ocrx_word' id='word_1_235' title='bbox 735 3780 909 3851; x_wconf 79' lang='lat' dir='ltr'>prognatum</span> <span class='ocrx_word' id='word_1_236' title='bbox 939 3780 1004 3844; x_wconf 86' lang='lat' dir='ltr'>Ba,</span> <span class='ocrx_word' id='word_1_237' title='bbox 1032 3781 1119 3832; x_wconf 81' lang='lat' dir='ltr'>erasis</span> <span class='ocrx_word' id='word_1_238' title='bbox 1147 3796 1177 3831; x_wconf 88' lang='lat' dir='ltr'>ro</span> <span class='ocrx_word' id='word_1_239' title='bbox 1207 3781 1313 3832; x_wconf 78' lang='lat' dir='ltr'>litteris.</span> 
     </span>
     <span class='ocr_line' id='line_1_29' title="bbox 166 3857 1314 3932; baseline -0.003 -19"><span class='ocrx_word' id='word_1_240' title='bbox 166 3878 258 3932; x_wconf 83' lang='lat' dir='ltr'>cygno</span> <span class='ocrx_word' id='word_1_241' title='bbox 279 3862 445 3929; x_wconf 79' lang='lat' dir='ltr'>prognatum</span> <span class='ocrx_word' id='word_1_242' title='bbox 465 3861 542 3914; x_wconf 84' lang='lat' dir='ltr'>codd.</span> <span class='ocrx_word' id='word_1_243' title='bbox 564 3860 690 3928; x_wconf 81' lang='lat' dir='ltr'>Pyladis.</span> <span class='ocrx_word' id='word_1_244' title='bbox 711 3857 801 3910; x_wconf 85' lang='lat' dir='ltr'>malco</span> <span class='ocrx_word' id='word_1_245' title='bbox 817 3861 984 3924; x_wconf 84' lang='lat' dir='ltr'>prognatum</span> <span class='ocrx_word' id='word_1_246' title='bbox 1001 3857 1042 3913; x_wconf 81' lang='lat' dir='ltr'>F.-</span> <span class='ocrx_word' id='word_1_247' title='bbox 1061 3861 1095 3922; x_wconf 76' lang='lat' dir='ltr'>ct&#39;.</span> <span class='ocrx_word' id='word_1_248' title='bbox 1115 3876 1139 3912; x_wconf 85' lang='lat' dir='ltr'>a.</span> <span class='ocrx_word' id='word_1_249' title='bbox 1160 3863 1221 3911; x_wconf 79' lang='grc'><strong><em>108.</em></strong></span> <span class='ocrx_word' id='word_1_250' title='bbox 1243 3864 1314 3910; x_wconf 69' lang='grc'><strong><em>111711</em></strong></span> 
     </span>
     <span class='ocr_line' id='line_1_30' title="bbox 165 3936 1313 4008; baseline -0.004 -14"><span class='ocrx_word' id='word_1_251' title='bbox 165 3945 201 4008; x_wconf 78' lang='grc'>(*)</span> <span class='ocrx_word' id='word_1_252' title='bbox 264 3947 325 3994; x_wconf 78' lang='lat'><strong>855.</strong></span> <span class='ocrx_word' id='word_1_253' title='bbox 344 3938 400 3994; x_wconf 81' lang='lat' dir='ltr'>Ma.</span> <span class='ocrx_word' id='word_1_254' title='bbox 417 3941 600 4007; x_wconf 82' lang='lat' dir='ltr'>praemittunt</span> <span class='ocrx_word' id='word_1_255' title='bbox 616 3937 675 3990; x_wconf 61' lang='grc' dir='ltr'>ΕΖ</span> <span class='ocrx_word' id='word_1_256' title='bbox 691 3939 771 4004; x_wconf 85' lang='lat' dir='ltr'>(corr.</span> <span class='ocrx_word' id='word_1_257' title='bbox 793 3938 969 3989; x_wconf 82' lang='lat' dir='ltr'>Oaraararius</span> <span class='ocrx_word' id='word_1_258' title='bbox 987 3954 1020 3990; x_wconf 82' lang='lat' dir='ltr'>aa·</span> <span class='ocrx_word' id='word_1_259' title='bbox 1034 3937 1070 4002; x_wconf 83' lang='lat' dir='ltr'>B)</span> <span class='ocrx_word' id='word_1_260' title='bbox 1126 3936 1240 4004; x_wconf 82' lang='lat' dir='ltr'>inponas</span> <span class='ocrx_word' id='word_1_261' title='bbox 1255 3937 1313 3989; x_wconf 86' lang='lat' dir='ltr'>No-</span> 
     </span>
     <span class='ocr_line' id='line_1_31' title="bbox 167 4014 1256 4088; baseline -0.004 -16"><span class='ocrx_word' id='word_1_262' title='bbox 167 4025 230 4074; x_wconf 74' lang='lat' dir='ltr'>nius</span> <span class='ocrx_word' id='word_1_263' title='bbox 304 4035 356 4088; x_wconf 85' lang='lat' dir='ltr'>ogo</span> <span class='ocrx_word' id='word_1_264' title='bbox 381 4036 414 4073; x_wconf 80' lang='lat' dir='ltr'>ea</span> <span class='ocrx_word' id='word_1_265' title='bbox 433 4019 494 4073; x_wconf 85' lang='lat' dir='ltr'>anis</span> <span class='ocrx_word' id='word_1_266' title='bbox 514 4020 554 4072; x_wconf 85' lang='lat' dir='ltr'>ael</span> <span class='ocrx_word' id='word_1_267' title='bbox 573 4017 638 4084; x_wconf 85' lang='lat' dir='ltr'>eins,</span> <span class='ocrx_word' id='word_1_268' title='bbox 657 4023 687 4070; x_wconf 84' lang='lat' dir='ltr'>ul</span> <span class='ocrx_word' id='word_1_269' title='bbox 707 4018 776 4084; x_wconf 62' lang='lat' dir='ltr'>aid„</span> <span class='ocrx_word' id='word_1_270' title='bbox 800 4017 866 4071; x_wconf 90' lang='lat' dir='ltr'>Da:</span> <span class='ocrx_word' id='word_1_271' title='bbox 885 4018 958 4070; x_wconf 89' lang='lat' dir='ltr'>unde</span> <span class='ocrx_word' id='word_1_272' title='bbox 978 4033 1030 4085; x_wconf 82' lang='lat' dir='ltr'>ego</span> <span class='ocrx_word' id='word_1_273' title='bbox 1050 4014 1187 4082; x_wconf 75' lang='lat' dir='ltr'>suprascr.</span> <span class='ocrx_word' id='word_1_274' title='bbox 1208 4016 1256 4069; x_wconf 85' lang='lat' dir='ltr'>Da</span> 
     </span>
    </p>

    <p class='ocr_par' dir='ltr' id='par_1_10' title="bbox 163 4095 1313 4329">
     <span class='ocr_line' id='line_1_32' title="bbox 166 4095 1310 4164; baseline -0.005 -11"><span class='ocrx_word' id='word_1_275' title='bbox 166 4099 244 4154; x_wconf 89' lang='lat' dir='ltr'>cuius</span> <span class='ocrx_word' id='word_1_276' title='bbox 264 4098 376 4152; x_wconf 82' lang='lat' dir='ltr'>Nonius</span> <span class='ocrx_word' id='word_1_277' title='bbox 455 4098 571 4151; x_wconf 87' lang='lat' dir='ltr'>menbra</span> <span class='ocrx_word' id='word_1_278' title='bbox 588 4097 651 4152; x_wconf 82' lang='grc' dir='ltr'>ΒΟ.</span> <span class='ocrx_word' id='word_1_279' title='bbox 672 4097 752 4150; x_wconf 75' lang='lat' dir='ltr'>ffibra</span> <span class='ocrx_word' id='word_1_280' title='bbox 771 4096 800 4149; x_wconf 88' lang='lat' dir='ltr'><em>D</em></span> <span class='ocrx_word' id='word_1_281' title='bbox 889 4098 973 4164; x_wconf 86' lang='lat' dir='ltr'>atque</span> <span class='ocrx_word' id='word_1_282' title='bbox 993 4102 1056 4149; x_wconf 80' lang='lat' dir='ltr'>ante</span> <span class='ocrx_word' id='word_1_283' title='bbox 1075 4096 1157 4147; x_wconf 82' lang='lat' dir='ltr'>artua</span> <span class='ocrx_word' id='word_1_284' title='bbox 1176 4111 1225 4149; x_wconf 86' lang='lat' dir='ltr'>om.</span> <span class='ocrx_word' id='word_1_285' title='bbox 1248 4095 1310 4148; x_wconf 84' lang='lat' dir='ltr'>Pri-</span> 
     </span>
     <span class='ocr_line' id='line_1_33' title="bbox 163 4173 1311 4244; baseline -0.006 -10"><span class='ocrx_word' id='word_1_286' title='bbox 163 4180 255 4234; x_wconf 79' lang='lat' dir='ltr'>sciani</span> <span class='ocrx_word' id='word_1_287' title='bbox 276 4178 373 4234; x_wconf 81' lang='lat' dir='ltr'>GLK</span> <span class='ocrx_word' id='word_1_288' title='bbox 441 4176 688 4244; x_wconf 65' lang='lat' dir='ltr'>maurannus</span> <span class='ocrx_word' id='word_1_289' title='bbox 704 4178 735 4230; x_wconf 80' lang='lat' dir='ltr'>in</span> <span class='ocrx_word' id='word_1_290' title='bbox 754 4177 840 4230; x_wconf 78' lang='lat' dir='ltr'>litura</span> <span class='ocrx_word' id='word_1_291' title='bbox 859 4177 923 4231; x_wconf 88' lang='lat' dir='ltr'>Bb:</span> <span class='ocrx_word' id='word_1_292' title='bbox 942 4177 976 4242; x_wconf 78' lang='lat' dir='ltr'>cf.</span> <span class='ocrx_word' id='word_1_293' title='bbox 997 4176 1092 4229; x_wconf 78' lang='lat' dir='ltr'>testim.</span> <span class='ocrx_word' id='word_1_294' title='bbox 1184 4179 1243 4228; x_wconf 80' lang='lat'>856.</span> <span class='ocrx_word' id='word_1_295' title='bbox 1264 4173 1311 4227; x_wconf 78' lang='lat' dir='ltr'>Sa.</span> 
     </span>
     <span class='ocr_line' id='line_1_34' title="bbox 164 4254 1313 4329; baseline -0.006 -16"><span class='ocrx_word' id='word_1_296' title='bbox 164 4277 213 4313; x_wconf 88' lang='lat' dir='ltr'>om.</span> <span class='ocrx_word' id='word_1_297' title='bbox 235 4259 296 4324; x_wconf 88' lang='lat' dir='ltr'>Db,</span> <span class='ocrx_word' id='word_1_298' title='bbox 314 4260 405 4312; x_wconf 82' lang='lat' dir='ltr'>versui</span> <span class='ocrx_word' id='word_1_299' title='bbox 423 4263 475 4312; x_wconf 81' lang='grc'>817</span> <span class='ocrx_word' id='word_1_300' title='bbox 491 4258 675 4327; x_wconf 78' lang='lat' dir='ltr'>praemittunt</span> <span class='ocrx_word' id='word_1_301' title='bbox 695 4256 754 4309; x_wconf 64' lang='grc' dir='ltr'>ΡΖ</span> <span class='ocrx_word' id='word_1_302' title='bbox 843 4261 903 4310; x_wconf 79' lang='grc'><strong>857.</strong></span> <span class='ocrx_word' id='word_1_303' title='bbox 921 4254 1003 4329; x_wconf 80' lang='lat' dir='ltr'>ppiis</span> <span class='ocrx_word' id='word_1_304' title='bbox 1023 4256 1108 4324; x_wconf 81' lang='lat' dir='ltr'>(ileu</span> <span class='ocrx_word' id='word_1_305' title='bbox 1127 4254 1198 4322; x_wconf 71' lang='grc'><strong><em>1110</em></strong></span> <span class='ocrx_word' id='word_1_306' title='bbox 1268 4271 1313 4307; x_wconf 90' lang='lat' dir='ltr'>ac-</span> 
     </span>
    </p>
   </div>
   <div class='ocr_carea' id='block_1_10' title="bbox 161 4347 1315 4901">
    <p class='ocr_par' dir='ltr' id='par_1_11' title="bbox 161 4347 1315 4901">
     <span class='ocr_line' id='line_1_35' title="bbox 163 4347 1315 4420; baseline -0.007 1"><span class='ocrx_word' id='word_1_307' title='bbox 163 4364 360 4420; x_wconf 83' lang='lat' dir='ltr'>cerserisDa:</span> <span class='ocrx_word' id='word_1_308' title='bbox 379 4381 448 4419; x_wconf 86' lang='lat' dir='ltr'>corr.</span> <span class='ocrx_word' id='word_1_309' title='bbox 468 4364 519 4418; x_wconf 85' lang='lat' dir='ltr'>Dc</span> <span class='ocrx_word' id='word_1_310' title='bbox 610 4369 670 4417; x_wconf 84' lang='lat'><strong>858.</strong></span> <span class='ocrx_word' id='word_1_311' title='bbox 690 4362 747 4416; x_wconf 80' lang='lat' dir='ltr'>Mn.</span> <span class='ocrx_word' id='word_1_312' title='bbox 767 4381 816 4416; x_wconf 75' lang='lat' dir='ltr'>ona</span> <span class='ocrx_word' id='word_1_313' title='bbox 837 4363 887 4416; x_wconf 88' lang='lat' dir='ltr'>Db</span> <span class='ocrx_word' id='word_1_314' title='bbox 966 4361 1076 4415; x_wconf 77' lang='lat' dir='ltr'>Fabiam</span> <span class='ocrx_word' id='word_1_315' title='bbox 1096 4363 1153 4415; x_wconf 83' lang='lat' dir='ltr'>BC</span> <span class='ocrx_word' id='word_1_316' title='bbox 1227 4347 1315 4415; x_wconf 82' lang='lat' dir='ltr'>securi</span> 
     </span>
     <span class='ocr_line' id='line_1_36' title="bbox 162 4441 1315 4511; baseline -0.004 -11"><span class='ocrx_word' id='word_1_317' title='bbox 162 4447 220 4500; x_wconf 85' lang='lat' dir='ltr'>Dc.</span> <span class='ocrx_word' id='word_1_318' title='bbox 249 4444 337 4498; x_wconf 86' lang='lat' dir='ltr'>securi</span> <span class='ocrx_word' id='word_1_319' title='bbox 361 4445 476 4499; x_wconf 78' lang='lat' dir='ltr'>Bona</span> <span class='ocrx_word' id='word_1_320' title='bbox 567 4441 677 4509; x_wconf 87' lang='lat' dir='ltr'>capiam</span> <span class='ocrx_word' id='word_1_321' title='bbox 702 4459 735 4495; x_wconf 79' lang='lat' dir='ltr'>ea</span> <span class='ocrx_word' id='word_1_322' title='bbox 759 4442 868 4511; x_wconf 87' lang='lat' dir='ltr'>cupiam</span> <span class='ocrx_word' id='word_1_323' title='bbox 887 4444 936 4497; x_wconf 86' lang='lat' dir='ltr'>Bb</span> <span class='ocrx_word' id='word_1_324' title='bbox 1029 4442 1097 4495; x_wconf 78' lang='lat' dir='ltr'>Pon</span> <span class='ocrx_word' id='word_1_325' title='bbox 1116 4458 1210 4495; x_wconf 84' lang='lat' dir='ltr'>senem</span> <span class='ocrx_word' id='word_1_326' title='bbox 1230 4442 1315 4510; x_wconf 74' lang='lat' dir='ltr'>(quoa</span> 
     </span>
     <span class='ocr_line' id='line_1_37' title="bbox 163 4523 1315 4589; baseline -0.007 -8"><span class='ocrx_word' id='word_1_327' title='bbox 163 4528 233 4582; x_wconf 80' lang='lat' dir='ltr'>duae</span> <span class='ocrx_word' id='word_1_328' title='bbox 249 4525 409 4580; x_wconf 77' lang='lat' dir='ltr'>Canreraria</span> <span class='ocrx_word' id='word_1_329' title='bbox 428 4526 459 4578; x_wconf 80' lang='lat' dir='ltr'>in</span> <span class='ocrx_word' id='word_1_330' title='bbox 476 4526 549 4578; x_wconf 79' lang='lat' dir='ltr'>huuc</span> <span class='ocrx_word' id='word_1_331' title='bbox 567 4540 672 4577; x_wconf 78' lang='lat' dir='ltr'>aereum</span> <span class='ocrx_word' id='word_1_332' title='bbox 687 4523 884 4577; x_wconf 80' lang='lat' dir='ltr'>adhibuerunt:</span> <span class='ocrx_word' id='word_1_333' title='bbox 902 4525 937 4589; x_wconf 80' lang='lat' dir='ltr'>cf.</span> <span class='ocrx_word' id='word_1_334' title='bbox 953 4525 991 4578; x_wconf 79' lang='lat' dir='ltr'>ad</span> <span class='ocrx_word' id='word_1_335' title='bbox 1005 4541 1028 4577; x_wconf 87' lang='lat' dir='ltr'>a.</span> <span class='ocrx_word' id='word_1_336' title='bbox 1045 4524 1111 4588; x_wconf 76' lang='lat'>859)</span> <span class='ocrx_word' id='word_1_337' title='bbox 1131 4523 1315 4575; x_wconf 79' lang='lat' dir='ltr'>anacoluthon</span> 
     </span>
     <span class='ocr_line' id='line_1_38' title="bbox 161 4603 1313 4671; baseline -0.006 -11"><span class='ocrx_word' id='word_1_338' title='bbox 161 4608 264 4661; x_wconf 72' lang='lat' dir='ltr'>statuit</span> <span class='ocrx_word' id='word_1_339' title='bbox 283 4605 454 4659; x_wconf 78' lang='lat' dir='ltr'>Gronovius:</span> <span class='ocrx_word' id='word_1_340' title='bbox 480 4606 582 4659; x_wconf 76' lang='lat' dir='ltr'>scilicet</span> <span class='ocrx_word' id='word_1_341' title='bbox 605 4605 735 4657; x_wconf 67' lang='lat' dir='ltr'>amalandi</span> <span class='ocrx_word' id='word_1_342' title='bbox 757 4604 866 4656; x_wconf 70' lang='lat' dir='ltr'>onlnem</span> <span class='ocrx_word' id='word_1_343' title='bbox 892 4610 967 4671; x_wconf 75' lang='lat' dir='ltr'>pasta</span> <span class='ocrx_word' id='word_1_344' title='bbox 986 4603 1180 4656; x_wconf 78' lang='lat' dir='ltr'>Menaechmus</span> <span class='ocrx_word' id='word_1_345' title='bbox 1194 4617 1313 4670; x_wconf 78' lang='lat' dir='ltr'>poppys-</span> 
     </span>
     <span class='ocr_line' id='line_1_39' title="bbox 162 4680 1315 4756; baseline -0.008 -16"><span class='ocrx_word' id='word_1_346' title='bbox 162 4703 260 4756; x_wconf 77' lang='lat' dir='ltr'>moque</span> <span class='ocrx_word' id='word_1_347' title='bbox 278 4687 386 4754; x_wconf 78' lang='lat' dir='ltr'>supplet</span> <span class='ocrx_word' id='word_1_348' title='bbox 458 4690 519 4739; x_wconf 80' lang='grc'><strong><em>819.</em></strong></span> <span class='ocrx_word' id='word_1_349' title='bbox 535 4685 576 4750; x_wconf 74' lang='lat' dir='ltr'>Cf.</span> <span class='ocrx_word' id='word_1_350' title='bbox 592 4685 630 4736; x_wconf 89' lang='lat' dir='ltr'>ad</span> <span class='ocrx_word' id='word_1_351' title='bbox 644 4701 669 4737; x_wconf 86' lang='lat' dir='ltr'>o.</span> <span class='ocrx_word' id='word_1_352' title='bbox 684 4687 741 4736; x_wconf 78' lang='grc'>853</span> <span class='ocrx_word' id='word_1_353' title='bbox 788 4682 945 4736; x_wconf 87' lang='lat' dir='ltr'>Sencmoslo</span> <span class='ocrx_word' id='word_1_354' title='bbox 965 4682 1013 4735; x_wconf 90' lang='lat' dir='ltr'>fini</span> <span class='ocrx_word' id='word_1_355' title='bbox 1032 4680 1172 4734; x_wconf 88' lang='lat' dir='ltr'>dedolabo</span> <span class='ocrx_word' id='word_1_356' title='bbox 1184 4681 1224 4732; x_wconf 87' lang='lat' dir='ltr'>B:</span> <span class='ocrx_word' id='word_1_357' title='bbox 1243 4683 1315 4743; x_wconf 78' lang='lat' dir='ltr'>ilem,</span> 
     </span>
     <span class='ocr_line' id='line_1_40' title="bbox 164 4758 1313 4835; baseline -0.006 -15"><span class='ocrx_word' id='word_1_358' title='bbox 164 4769 225 4821; x_wconf 80' lang='lat' dir='ltr'>uisi</span> <span class='ocrx_word' id='word_1_359' title='bbox 242 4767 316 4835; x_wconf 83' lang='lat' dir='ltr'>quod</span> <span class='ocrx_word' id='word_1_360' title='bbox 339 4763 410 4818; x_wconf 87' lang='lat' dir='ltr'>Sene</span> <span class='ocrx_word' id='word_1_361' title='bbox 439 4764 525 4818; x_wconf 87' lang='lat' dir='ltr'>masso</span> <span class='ocrx_word' id='word_1_362' title='bbox 549 4765 642 4829; x_wconf 81' lang='lat' dir='ltr'>cna,</span> <span class='ocrx_word' id='word_1_363' title='bbox 665 4764 714 4816; x_wconf 80' lang='lat' dir='ltr'>ubi</span> <span class='ocrx_word' id='word_1_364' title='bbox 737 4759 835 4813; x_wconf 89' lang='lat' dir='ltr'>Senem</span> <span class='ocrx_word' id='word_1_365' title='bbox 860 4762 915 4814; x_wconf 87' lang='lat' dir='ltr'>ol&#39;sc</span> <span class='ocrx_word' id='word_1_366' title='bbox 935 4779 1002 4815; x_wconf 79' lang='lat' dir='ltr'>carr.</span> <span class='ocrx_word' id='word_1_367' title='bbox 1024 4762 1081 4827; x_wconf 83' lang='lat' dir='ltr'>Dc,</span> <span class='ocrx_word' id='word_1_368' title='bbox 1099 4758 1235 4812; x_wconf 86' lang='lat' dir='ltr'>decolabo</span> <span class='ocrx_word' id='word_1_369' title='bbox 1255 4759 1313 4813; x_wconf 87' lang='lat' dir='ltr'>Db.</span> 
     </span>
     <span class='ocr_line' id='line_1_41' title="bbox 165 4838 1315 4901; baseline -0.005 -1"><span class='ocrx_word' id='word_1_370' title='bbox 165 4850 270 4901; x_wconf 81' lang='lat' dir='ltr'>Senem</span> <span class='ocrx_word' id='word_1_371' title='bbox 290 4844 346 4898; x_wconf 83' lang='lat' dir='ltr'>olle</span> <span class='ocrx_word' id='word_1_372' title='bbox 365 4844 413 4897; x_wconf 91' lang='lat' dir='ltr'>fini</span> <span class='ocrx_word' id='word_1_373' title='bbox 432 4844 578 4898; x_wconf 85' lang='lat' dir='ltr'>decollabo</span> <span class='ocrx_word' id='word_1_374' title='bbox 598 4842 633 4896; x_wconf 87' lang='lat' dir='ltr'>F.</span> <span class='ocrx_word' id='word_1_375' title='bbox 655 4843 754 4896; x_wconf 86' lang='lat' dir='ltr'>Senem</span> <span class='ocrx_word' id='word_1_376' title='bbox 774 4841 892 4896; x_wconf 81' lang='lat' dir='ltr'>exossam</span> <span class='ocrx_word' id='word_1_377' title='bbox 912 4839 964 4893; x_wconf 87' lang='lat' dir='ltr'>nisi</span> <span class='ocrx_word' id='word_1_378' title='bbox 984 4838 1123 4892; x_wconf 84' lang='lat' dir='ltr'>dedolabo</span> <span class='ocrx_word' id='word_1_379' title='bbox 1145 4839 1176 4892; x_wconf 82' lang='grc' dir='ltr'>Ζ.</span> <span class='ocrx_word' id='word_1_380' title='bbox 1198 4838 1249 4893; x_wconf 92' lang='lat' dir='ltr'>nisi</span> <span class='ocrx_word' id='word_1_381' title='bbox 1268 4839 1315 4894; x_wconf 84' lang='lat' dir='ltr'>dc-</span> 
     </span>
    </p>
   </div>
   <div class='ocr_carea' id='block_1_11' title="bbox 161 4923 457 4991">
    <p class='ocr_par' dir='ltr' id='par_1_12' title="bbox 161 4923 457 4991">
     <span class='ocr_line' id='line_1_42' title="bbox 161 4923 457 4991; baseline -0.014 -10"><span class='ocrx_word' id='word_1_382' title='bbox 161 4925 270 4982; x_wconf 84' lang='lat' dir='ltr'>‹lolabo</span> <span class='ocrx_word' id='word_1_383' title='bbox 290 4924 403 4979; x_wconf 83' lang='lat' dir='ltr'>Nonius</span> <span class='ocrx_word' id='word_1_384' title='bbox 421 4923 457 4991; x_wconf 68' lang='lat' dir='ltr'>pr)</span> 
     </span>
    </p>
   </div>
   <div class='ocr_carea' id='block_1_12' title="bbox 0 0 1482 5678">
    <p class='ocr_par' dir='ltr' id='par_1_13' title="bbox 0 0 1482 5678">
     <span class='ocr_line' id='line_1_43' title="bbox 0 0 1482 5678; baseline 0 1"><span class='ocrx_word' id='word_1_385' title='bbox 0 0 1482 5678; x_wconf 95' lang='lat' dir='ltr'> </span> 
     </span>
    </p>
   </div>
  </div>
 </body>
</html>
