2940 5062
236 348 287 401 llll
700 345 905 402 PRAEFATIO

235 510 331 576 Hrinc
355 532 415 597 ego
440 533 511 575 esse
540 513 591 575 ai6
615 510 861 575 Menaechmum
876 533 901 574 ::
915 508 964 575 At
992 530 1052 594 ego
1082 531 1133 573 me
1148 533 1174 574 z:
1188 509 1283 585 Quae
1306 510 1390 573 baec

876 617 1031 721 fa‘ubulast.

236 724 331 790 Hunc
356 748 462 790 meum
487 726 621 790 fratrem
645 728 715 790 esse
730 749 755 789 2:
770 724 871 809 Spero
886 746 910 788 :t
924 723 970 788 Et
993 745 1053 809 ego
1076 722 1163 787 idem
1186 723 1284 806 sperd
1309 722 1392 787 fore.

237 840 276 904 In
300 842 417 924 quibus
451 846 543 905 tanto
574 842 763 907 offensionis
793 842 897 905 minus
928 839 1038 904 hiatus
1060 838 1178 922 habet,
1211 842 1335 922 quanto
1360 839 1390 902 ei

240 948 359 1012 certior
381 949 415 1011 in
439 949 512 1012 aliis
535 970 686 1014 versuum
713 949 793 1013 locis
817 946 1016 1032 quibuslibet
1038 945 1183 1011 defensio
1207 945 1249 1010 ab
1274 944 1390 1009 eadem

238 1094 451 1154 personarum
475 1075 655 1138 mutatione
678 1077 794 1156 parata
818 1079 877 1151 est,
901 1076 936 1136 ut
959 1095 987 1136 v.
1011 1046 1143 1137 3801‘n
1164 1070 1350 1153 Epidamno
1364 1090 1390 1132 r:

238 1172 281 1260 I'n
304 1197 500 1281 Epidamno,
523 1200 587 1262 547
617 1198 691 1262 Non
719 1198 811 1262 bdbeo
830 1220 853 1261 ::
873 1173 918 1261 A'r
943 1201 992 1280 tu,
1022 1196 1087 1261 623
1118 1195 1188 1275 Quo'
1216 1194 1342 1258 redeuim
1366 1217 1389 1256 ::

239 1321 393 1403 Equidem
415 1323 465 1405 ud,
489 1323 553 1388 898
577 1323 728 1387 hdminem
743 1346 768 1386 ::
785 1298 995 1404 (lammens,
1018 1321 1084 1386 954
1098 1320 1211 1384 mddice
1229 1341 1256 1382 ::
1275 1295 1390 1399 lmnro,

239 1428 378 1492 fortasse
402 1430 500 1493 etiam
520 1428 585 1492 299
608 1431 724 1494 acuisti
746 1429 798 1492 mc‘
807 1452 833 1492 z:
858 1429 918 1492 Vbi
940 1449 1002 1510 eqo,
1024 1449 1090 1491 non
1112 1430 1234 1509 tamen,
1257 1425 1288 1488 si
1311 1424 1388 1509 quid

240 1534 340 1619 video,
364 1558 391 1600 v.
419 1537 479 1600 147
504 1533 566 1600 essi
587 1537 639 1599 me'
649 1559 674 1599 z:
696 1536 754 1599 Vbi
776 1536 876 1600 casuri
898 1572 950 1597 -.
989 1533 1125 1598 Minimo
1148 1532 1322 1596 intervallo
1346 1531 1389 1594 ab

238 1640 355 1705 horum
385 1640 512 1705 ratione
544 1664 581 1705 ea
610 1643 757 1725 exemplu
787 1642 926 1724 distant,
955 1663 1037 1726 quae
1066 1663 1085 1704 a
1114 1640 1177 1703 fine
1207 1637 1390 1702 sententiae

239 1755 335 1832 atque
359 1748 593 1812 enuntiationis
623 1753 681 1813 aut
709 1749 750 1812 ab
780 1749 888 1844 aliqua
912 1749 1028 1812 saltem
1053 1752 1234 1812 structurae
1258 1744 1388 1809 conclu·

240 1855 341 1938 sione,
365 1877 548 1939 quanquam
572 1878 639 1919 non
662 1855 835 1921 coniuncta
866 1877 939 1919 cum
962 1876 1172 1939 personarum
1198 1853 1390 1933 mutatione,

238 1962 319 2025 item
343 1963 473 2026 veniam
490 1985 625 2046 prorsus
649 1963 830 2047 legitimam
849 1962 981 2045 habent,
1004 1967 1041 2025 ut
1063 1985 1091 2026 v.
1116 1961 1190 2025 219.
1214 1960 1292 2024 431.
1316 1958 1390 2023 696.

239 2069 314 2132 84Ἰ.
338 2068 413 2132 851.
436 2068 516 2132 94οε

240 2183 429 2267 Sportulam
453 2205 531 2266 cape
554 2185 652 2268 aitque
677 2190 854 2270 argentum.
897 2189 989 2251 eccos
1018 2185 1078 2249 tris
1102 2184 1254 2247 nummds
1279 2183 1390 2248 habes¹

239 2292 361 2372 Eamus
386 2308 473 2372 intro
488 2331 514 2372 :r
529 2307 596 2372 Isim
622 2330 737 2393 sequar
760 2314 806 2373 te:
829 2311 916 2375 brine
939 2311 1014 2375 uolo
1039 2309 1137 2373 etiam
1161 2308 1329 2394 conloqui.

239 2413 346 2478 Nimis
370 2415 521 2479 iracunde
545 2413 653 2479 he‘role
677 2416 817 2480 tandem.
850 2416 929 2480 heus
953 2421 998 2498 tu,
1021 2415 1082 2480 tibi
1106 2415 1192 2480 dico:
1217 2437 1323 2480 mane.

240 2520 284 2584 Ni
307 2524 429 2606 6ccupo
453 2521 582 2605 aliquod
607 2520 689 2584 mihi
713 2522 898 2602 consilium,
921 2521 959 2587 hi
979 2523 1110 2587 domum
1133 2543 1185 2586 me
1209 2521 1251 2586 ad
1276 2544 1313 2586 se
1336 2528 1392 2586 ari-

880 2629 994 2695 ferent

240 2736 289 2800 Ne
305 2734 358 2800 hic
376 2739 407 2798 te
425 2735 583 2799 obtundat
599 2758 624 2800 ::
639 2735 751 2821 ngio.
776 2738 902 2820 amabo,
927 2737 1064 2801 adserua
1077 2737 1194 2819 istunc,
1219 2733 1269 2799 mi
1290 2740 1393 2820 pater.

241 2824 383 2927 Egomet
405 2843 484 2905 haee
507 2846 539 2905 te
562 2841 630 2905 uidi
652 2843 771 2906 facere:
795 2845 924 2927 e‘gomet
947 2844 1045 2907 haece
1068 2848 1101 2907 te
1125 2845 1238 2927 arguo.

242 2957 386 3032 Quorum
412 2959 513 3022 altero
541 2980 607 3022 non
636 2961 740 3043 magis
773 2981 854 3042 opus
878 2963 928 3023 est
951 2961 1000 3023 rur
1022 2960 1140 3043 forma,
1168 2981 1270 3043 quam
1296 2965 1324 3023 le
1346 2961 1394 3024 in·

241 3069 328 3130 serto
359 3065 392 3127 in
420 3065 629 3147 paenultimo.
675 3065 720 3129 Et
747 3068 880 3129 firmant
907 3067 968 3129 hoc
997 3087 1124 3149 quoque
1148 3086 1254 3149 genus
1280 3068 1395 3131 certis·

243 3171 324 3234 sima
348 3193 386 3234 ex
411 3171 484 3234 aliis
510 3193 659 3236 versuum
683 3173 762 3236 loeis
786 3171 986 3254 quibuslibet
1009 3173 1167 3256 exempla,
1191 3178 1229 3237 ut
1253 3197 1283 3237 v.
1307 3175 1395 3238 1125

240 3278 342 3341 sullae:
365 3279 417 3360 cbo
439 3299 509 3341 sum
531 3277 675 3356 Sosicles,
699 3302 725 3342 v.
752 3280 852 3343 1158:
882 3279 1056 3342 Vuc'mbuut
1076 3283 1161 3344 seui
1181 3280 1322 3360 serpellea
1344 3282 1395 3343 αρ’·

241 3387 292 3449 des
322 3386 424 3465 fiendi.
452 3387 558 3449 durnin
592 3386 765 3450 Vacuibunt
792 3422 829 3432 —
842 3436 850 3468 ,
879 3386 952 3449 alia.
999 3385 1119 3449 Verum
1148 3385 1200 3449 his
1229 3388 1397 3466 omnibus,

242 3515 379 3576 quorum
412 3492 588 3554 simillimis
621 3514 680 3555 nec
710 3491 888 3556 Pseudulus
922 3515 981 3556 nec
1010 3491 1141 3556 Stichus
1173 3514 1234 3556 nec
1267 3498 1396 3557 ceterae

243 3599 347 3662 adhuc
381 3598 569 3662 emendatae
602 3602 728 3680 carent,
761 3621 893 3682 prorsus
926 3600 1166 3681 praetermissis
1205 3600 1325 3663 talium
1361 3601 1394 3662 in

244 3705 461 3768 Menaechmis
494 3704 669 3768 multitudo
703 3709 820 3789 restat,
853 3727 935 3788 quae
968 3707 1147 3768 sententiae
1180 3711 1281 3789 atque
1311 3706 1395 3769 adeo

243 3811 494 3874 constructionis
509 3811 724 3874 continuitate
744 3833 809 3876 non
822 3812 1029 3876 mediocriter
1044 3811 1217 3876 offendant.
1265 3811 1295 3874 E
1315 3835 1394 3896 quo-

244 3938 313 3976 rum
334 3939 466 3981 numero
487 3917 644 4000 quaedam
664 3940 743 3981 sane
762 3923 795 3980 et
812 3918 907 3982 facile
927 3921 960 3981 et
979 3918 1194 4001 probabilit0r
1213 3939 1395 3982 removeas.

244 4017 509 4088 Sic'clestitutum
538 4028 588 4086 est
616 4025 755 4107 ratione,
785 4030 914 4107 poetam
943 4025 1072 4088 credere
1096 4024 1129 4086 in
1154 4024 1264 4088 medio
1289 4030 1396 4108 septe-

244 4125 335 4188 nario
360 4148 407 4189 me
430 4134 456 4193 tc
479 4130 672 4212 pronomina
700 4136 775 4194 ante
806 4132 951 4194 vocalem
980 4131 1089 4194 dedita
1112 4152 1213 4213 opera
1236 4153 1396 4213 servasse,

244 4234 297 4294 nbi
322 4236 593 4297 cornmodissimis
625 4238 735 4299 ascitis
762 4240 832 4300 rrred
854 4240 903 4301 led
929 4238 1044 4300 formis
1069 4239 1102 4300 in
1127 4243 1283 4321 promptu
1306 4245 1396 4301 esset

243 4337 345 4399 vitare
370 4339 504 4402 hiatum.
552 4340 827 4415 Quemadmodum
848 4345 949 4428 igitur
973 4367 1099 4407 versum
1125 4345 1191 4407 942
1217 4345 1280 4426 ipsi
1305 4345 1394 4407 eodi-

243 4462 295 4501 ces
319 4444 412 4505 fidem
437 4446 561 4510 faciunt
584 4469 603 4509 a
627 4447 744 4512 l‘lauto
767 4452 864 4513 talem
890 4451 1069 4534 proiectum
1096 4473 1178 4514 esse:
