2956 5678
640 781 844 837 PRAEFATIO
1257 783 1320 837 lllll

178 945 352 1013 liuudscb?
376 946 418 1032 II,
442 969 468 1011 a.
494 948 594 1030 1882,
616 969 644 1031 p.
670 947 733 1010 719
745 968 813 1030 sqq.
836 946 1038 1030 nequaquam
1063 948 1149 1011 iusto
1174 947 1319 1011 acerbius

176 1053 373 1137 retulissem,
406 1054 491 1118 ultra
514 1053 643 1118 modum
669 1053 771 1117 iratus
794 1052 849 1117 ille
873 1054 907 1116 in
931 1043 982 1116 me
1005 1053 1161 1117 desaeviit
1183 1075 1240 1137 per
1263 1055 1320 1119 ob-

176 1161 379 1224 servationes
412 1159 553 1225 Hermae
584 1158 679 1224 XVII
713 1183 742 1242 p.
774 1162 917 1244 liIOsqq.
948 1160 1093 1223 insertas.
1140 1159 1226 1235 Quas
1257 1183 1320 1243 quo
1368 1152 1374 1160 ¹

176 1265 286 1330 animo
310 1267 541 1350 conscripserit
563 1288 627 1329 uno
652 1265 798 1349 exemplo
822 1264 962 1350 notabo,
986 1288 1050 1350 quo
1075 1267 1150 1351 quia
1173 1266 1318 1330 Brixiam

176 1393 247 1436 cum
281 1371 463 1438 Ritschelio
493 1373 524 1436 in
553 1395 582 1436 v.
611 1371 675 1437 155
706 1370 845 1436 Gellium
878 1375 1020 1436 secutum
1053 1394 1123 1436 esse
1154 1373 1235 1458 dixi,
1264 1373 1320 1438 ubi

178 1477 379 1564 Wagnerum
405 1479 508 1544 dicare
532 1480 628 1543 debui
652 1516 693 1525 —
719 1478 842 1543 scilicet
865 1479 1008 1543 confusis
1032 1480 1066 1543 in
1090 1469 1216 1543 schedis
1239 1480 1320 1544 meis

175 1584 234 1648 Br.
259 1592 292 1649 et
323 1585 388 1650 Wr.
412 1587 498 1650 notis
525 1622 574 1668 —-‚
598 1584 766 1648 Vahlenus
792 1586 921 1669 scripsit
944 1583 990 1672 (p.
1014 1583 1107 1671 617):
1132 1584 1184 1648 ‘de
1207 1585 1319 1650 Brixio

174 1690 235 1756 hoc
263 1691 318 1756 ille
346 1692 444 1757 homo
473 1692 611 1776 diligens
641 1692 830 1755 mentitus
859 1689 943 1755 est’.
990 1688 1034 1754 Aa
1062 1692 1095 1755 in
1120 1691 1231 1756 eadem
1256 1697 1319 1756 sta·

175 1799 232 1861 tim
263 1798 384 1882 pagina
412 1799 481 1881 ipse
505 1798 677 1862 ‘mentitus
708 1796 774 1861 est'
803 1798 852 1861 vir
881 1797 1150 1882 diligentissimus
1180 1797 1318 1863 Gellium

175 1903 320 1987 ‘propter
342 1905 522 1969 umbilicum
546 1925 674 1967 versum
699 1903 841 1986 afferre'‚
864 1924 958 1985 quem
983 1910 1116 1986 propter
1139 1905 1321 1969 dimidiatio

173 2010 276 2074 affert.
323 2009 369 2074 Et
400 2011 548 2092 quotiens
581 2010 615 2072 iu
649 2006 831 2096 editione*)
865 2009 1009 2094 aliasque
1042 2010 1213 2075 ‘mentitus
1246 2011 1320 2075 est'.

173 2115 273 2180 Velut
297 2117 337 2180 ad
369 2139 395 2178 v.
420 2117 501 2197 645,
533 2117 589 2180 ubi
622 2115 821 2180 Ritschelius
855 2116 1033 2180 adnotabat
1066 2115 1158 2180 ‘mibi
1192 2119 1320 2199 quidam

173 2224 260 2304 opud
271 2221 482 2307 laudiacum,
497 2222 691 2306 compilator
706 2221 877 2287 Ritscbelii
892 2222 991 2286 babet
1011 2223 1104 2287 ‘mihi
1120 2223 1317 2288 Lambiuue':

174 2330 283 2413 itaque
304 2327 497 2393 Lambinum
526 2328 621 2413 fingit
644 2332 860 2392 commentum
885 2351 965 2414 esse,
988 2331 1021 2392 in
1051 2352 1113 2413 quo
1138 2330 1317 2414 refutando,

174 2435 297 2503 frustra
317 2456 402 2515 sane,
426 2434 593 2500 dimidiam
617 2435 684 2499 fere
708 2435 861 2520 paginam
886 2435 940 2499 ille
964 2438 1175 2519 consumpsit.
1208 2437 1317 2500 Etiam

172 2541 306 2623 propius
338 2541 376 2604 ad
405 2541 562 2605 mendacii
587 2542 725 2625 speciem
754 2541 832 2604 illud
862 2542 997 2627 accedit,
1025 2544 1108 2627 quod
1135 2567 1162 2608 v.
1187 2545 1251 2609 824
1275 2581 1318 2591 -

172 2647 227 2711 ubi
255 2647 342 2732 apud
370 2646 584 2713 Ritschelium
615 2648 838 2714 testimonium
871 2649 909 2712 de
938 2649 972 2713 B
999 2672 1074 2714 casu
1102 2649 1318 2733 interciderat,

171 2776 265 2835 quem
300 2752 459 2818 defectum
499 2755 628 2818 disertis
668 2754 774 2818 verbis
812 2756 922 2838 tetigit
953 2755 1129 2820 Muellerus
1160 2756 1318 2822 ‘Nachtn’

172 2881 198 2941 p.
220 2859 285 2924 129
311 2857 497 2924 aVableno
521 2861 592 2943 ipso
618 2861 784 2924 adbibitus
805 2898 846 2906 -
866 2862 935 2925 sine
961 2862 1027 2927 ullo
1051 2863 1260 2928 fundamento
1285 2871 1316 2927 lu

173 2965 289 3030 tribuit
312 2965 554 3050 codici‚qquem
579 2973 611 3032 tu
635 2972 661 3031 te
686 2967 805 3030 habere
830 2991 867 3031 cx
893 2972 971 3032 nota
994 2968 1028 3034 B
1051 2969 1142 3033 iuxta
1164 2968 1199 3033 D
1223 2970 1316 3034 facile

175 3073 296 3137 omissa
325 3073 376 3136 vel
404 3075 548 3139 conicere
586 3075 691 3156 potuit
719 3076 880 3138 coniector
918 3075 1015 3158 paulo
1052 3076 1177 3140 felicior
1214 3079 1316 3141 conie-

171 3181 278 3264 citque
311 3178 495 3244 Muellerus.
540 3180 653 3264 Neque
683 3201 757 3243 vero
787 3203 844 3263 per
868 3182 970 3244 solam
996 3187 1052 3245 aut
1075 3182 1314 3266 neglegentiam

170 3292 225 3351 aut
244 3286 473 3351 confidentiam
490 3286 657 3351 Vahlenus
679 3285 864 3350 ‘mentitur’
912 3287 1080 3363 Quomodo
1101 3290 1185 3354 enim
1206 3291 1316 3375 appel-

169 3393 251 3457 labis
283 3390 369 3476 quod
399 3416 427 3476 p.
453 3394 517 3457 622
546 3416 579 3457 se
610 3418 629 3456 a
660 3417 710 3456 me
742 3393 854 3457 scribit
888 3393 937 3456 ‘in
967 3417 1093 3459 summa
1120 3419 1153 3459 re
1183 3397 1314 3460 mirifice

170 3500 368 3563 alucinatum
395 3500 583 3583 increpari'‚
611 3500 699 3564 cuius
729 3500 869 3563 similem
898 3502 1092 3565 locutionem
1122 3525 1179 3587 per
1210 3509 1314 3568 totam

170 3628 338 3670 censuram
363 3605 484 3670 frustra
509 3606 715 3689 quaesiveris
739 3628 811 3670 cum
836 3605 1004 3671 Vahlenus
1029 3609 1054 3672 si
1080 3609 1113 3673 in
1137 3611 1256 3675 talibus
1281 3632 1314 3674 se

169 3710 455 3799 continuisset**),
479 3713 623 3777 modeste
643 3714 749 3777 sobrie
768 3713 907 3777 humane
927 3716 1093 3798 scripsisse
1113 3717 1216 3780 videri
1240 3741 1313 3801 pos-

168 3848 288 3855 ---..—
298 3849 336 3855 --

255 3923 282 3989 *)
302 3922 353 3976 Sat
367 3923 457 3977 multa
478 3922 580 3976 menda
593 3922 727 3992 invenies,
746 3923 769 3976 ai
791 3924 921 3977 accurate
937 3923 1058 3978 Vahloni
1075 3926 1241 3993 apparatum
1258 3943 1313 3978 non

168 4002 252 4056 modo
271 4018 333 4055 cum
350 4004 455 4070 nostro,
475 4002 522 4056 sed
539 4002 621 4055 etiam
638 4020 699 4056 cum
715 4003 859 4072 procedosi
876 4003 1034 4058 contuleris.
1072 4006 1134 4059 Non
1150 4004 1174 4057 is
1190 4022 1249 4057 sum
1265 4004 1313 4075 qui

167 4082 303 4136 eiusmodi
318 4084 434 4152 peccata
448 4082 651 4138 ultramodum
666 4083 788 4149 efferam,
807 4083 910 4153 quippe
931 4101 992 4137 cum
1011 4086 1140 4154 expertus
1161 4085 1246 4137 sciam
1268 4086 1311 4137 vel

166 4161 242 4216 omni
263 4179 329 4215 cura
348 4162 475 4217 adhibita
501 4161 640 4216 interdum
660 4163 706 4216 vix
727 4163 834 4217 evitari.
874 4163 927 4217 Sed
947 4162 1091 4232 indignum
1113 4167 1155 4217 est
1174 4180 1245 4228 eum,
1265 4163 1312 4231 qui

165 4243 243 4295 nullo
263 4243 379 4312 negotio
399 4240 513 4298 alterius
539 4242 687 4312 diligentia
711 4242 843 4296 abutatur
866 4259 901 4296 ne
926 4247 1049 4297 correcta
1068 4244 1178 4311 quidem
1200 4243 1312 4296 iuterim

166 4323 308 4392 corrigens
328 4339 455 4390 novaque
475 4321 546 4375 vitia
564 4321 697 4392 inferens,
721 4324 760 4377 sic
779 4323 875 4377 invehi
895 4324 922 4376 in
943 4340 1019 4393 eum,
1039 4325 1087 4393 qui
1107 4356 1140 4364 -
1160 4323 1313 4393 quomodo·

165 4420 274 4471 cunque
294 4403 328 4456 dc
348 4403 447 4457 ceteris
467 4401 573 4456 iudices
594 4435 627 4442 -
647 4404 745 4457 saltem
766 4404 792 4458 iu
814 4402 1002 4458 fundamentis
1019 4404 1058 4459 rei
1078 4403 1193 4458 criticae
1213 4422 1313 4474 paran-

164 4484 206 4537 dis
226 4482 290 4537 aliie
310 4481 384 4535 viam
413 4482 523 4537 muniat
546 4482 760 4552 molestiamque
785 4484 900 4538 minuat.
938 4483 1035 4553 ltaque
1057 4486 1183 4555 quamvis
1203 4486 1251 4540 diu
1270 4491 1313 4541 ta-

164 4563 278 4628 cuerim,
298 4565 352 4617 hac
371 4564 518 4618 occasione
543 4564 611 4616 data
627 4581 682 4617 non
706 4566 784 4632 potui
804 4584 857 4618 non
883 4567 981 4635 punire
1002 4566 1121 4621 Vahleni
1142 4567 1311 4635 superbiam.

253 4642 296 4712 **)
312 4640 440 4696 Ceterum
457 4642 544 4696 risum
559 4659 612 4696 nou
630 4644 700 4696 mihi
714 4648 822 4697 tantum
838 4646 935 4710 movit,
950 4648 1022 4713 quod
1039 4648 1087 4699 ille
1103 4647 1174 4699 tales
1192 4647 1311 4698 maxime

162 4724 320 4777 locutiones
336 4722 485 4793 decerpsit,
505 4723 600 4792 quales
615 4725 680 4777 olim
698 4722 725 4774 in
741 4721 831 4788 ipsum
848 4724 966 4776 coniecit
981 4724 1008 4778 L.
1025 4726 1183 4777 Muellerus.
1220 4727 1306 4789 Quem

163 4803 186 4856 si
206 4802 314 4856 imitari
329 4804 428 4871 voluit,
448 4803 554 4857 utinam
572 4805 664 4873 potius
681 4804 708 4856 in
724 4808 783 4854 arte
799 4802 914 4854 metrica
933 4805 1054 4856 severius
1074 4805 1228 4858 exercenda
1248 4806 1311 4858 imi·

161 4885 241 4937 tatus
262 4887 343 4941 esset.

1060 4973 1098 5027 b*
