2956 5678
583 364 594 385 ,
661 314 797 372 ennvm

718 474 744 529 V

250 587 414 654 Posticem
439 585 596 652 feminino
616 607 732 674 genere
752 587 983 653 consuetudine
1003 587 1218 673 appellamus.

162 697 254 762 cilius
278 745 286 761 .
310 745 317 760 .
342 744 349 760 .
372 694 478 760 Varro
512 694 608 780 Ταφῇ
637 695 830 759 Μενίππουε
861 695 1007 760 Perrexit
1035 694 1112 778 (in)
1144 693 1260 760 interi«

162 802 266 888 partis
291 801 416 869 domnis
439 801 593 885 posticae,
617 805 654 865 ut
678 802 725 866 uit
748 800 894 885 Plautus,
916 800 1214 886 penitissumoe.

593 992 627 1018 ’·
715 992 769 1048 VI-

168 1104 306 1171 Pssleum
331 1127 425 1190 quem
448 1102 564 1170 habuit
586 1104 728 1189 deripuit
751 1107 887 1189 eumque
911 1103 952 1169 ad
976 1103 1103 1170 caelum
1127 1106 1260 1174 sustulit

712 1254 764 1351 vn
961 1236 964 1240 ⁴

256 1390 345 1479 Sola]
371 1398 440 1463 sine
464 1419 501 1462 eo
526 1420 620 1482 quem
645 1398 790 1463 amabat:
818 1419 895 1463 nem
918 1399 1035 1484 regine
1058 1399 1131 1465 sola
1154 1419 1260 1465 essen

169 1509 307 1591 poterat.
345 1509 395 1569 est
414 1508 523 1570 autem
542 1504 649 1569 Plauti
670 1505 725 1590 qui
744 1504 869 1570 inducit
887 1504 973 1570 inter
992 1505 1116 1571 multos
1134 1509 1260 1572 emolere

166 1612 310 1695 positum
334 1611 493 1677 dicentem
517 1612 601 1697 quod
626 1612 713 1678 solus
737 1612 806 1679 sit..

703 1802 768 1858 VllI

327 1912 412 1979 Nem
436 1915 618 2015 inuenimus
642 1893 676 1980 in
699 1914 814 1980 Plauto
838 1913 1060 1980 meminens.

723 2106 762 2160 IX

169 2218 356 2308 Numquam
376 2217 416 2283 ad
436 2218 602 2283 ciuitatem
622 2219 717 2285 uenio
736 2218 801 2283 nisi
821 2241 917 2303 quom
938 2217 1077 2283 infertur
1094 2219 1228 2304 peplum.

730 2413 755 2466 X

259 2519 351 2597 Quod
372 2521 507 2587 Plautus
526 2521 637 2607 posuit
659 2523 731 2587 boo
751 2543 866 2608 graece
885 2521 1004 2605 posuit,
1027 2522 1097 2605 βοῶ
1116 2514 1212 2602 βοᾷς,
1226 2536 1260 2579 un

171 2626 337 2692 deriuutur
361 2629 469 2694 reboo
506 2651 582 2692 nam
606 2628 742 2692 latinum
766 2629 900 2693 uerbum
920 2650 940 2694 o
960 2632 1036 2693 ante
1055 2651 1074 2693 ο
1093 2625 1214 2692 hebens
1232 2643 1260 2686 nr

171 2756 270 2818 quem
293 2738 429 2820 repperi.

726 2865 766 2920 XI

332 2974 483 3041 Fortdsse
507 2976 561 3040 ted
586 2976 695 3040 arndre
720 2976 922 3061 suspicdrier.

260 3169 283 3220 V
303 3169 459 3240 Noniuep.
474 3172 590 3237 217,12
663 3170 760 3223 domus
780 3169 870 3225 Nonii
889 3170 956 3224 libri
972 3171 1023 3225 doc
1040 3171 1111 3226 loco:
1130 3173 1160 3224 al
1174 3167 1208 3235 es.
1222 3182 1260 3236 pa

243 3254 267 3303 6.
287 3248 479 3320 penitissimas
500 3250 649 3306 Merccrue.
687 3249 863 3319 penitissime
882 3251 985 3305 codices
1002 3251 1041 3319 (⁸²)
1149 3247 1187 3302 VI
1205 3244 1260 3301 Noe

166 3348 196 3400 p.
208 3333 336 3397 220,11:
355 3328 459 3383 Pilleus
478 3329 588 3400 generis
610 3328 767 3386 masculini.
804 3330 921 3384 Plautus
939 3327 1081 3399 Captiuis:
1102 3328 1260 3383 ‘Pilleum

171 3409 332 3464 sustulit’
408 3414 432 3463 7.
453 3409 575 3477 deripuit
588 3410 715 3466 Boetius.
743 3409 861 3480 diripuit
879 3411 983 3465 codices
1055 3407 1171 3465 sustulit
1187 3406 1260 3462 Boeo

170 3489 247 3544 tollit
266 3491 370 3546 codices
390 3489 426 3558 (*)
491 3488 936 3545 VllScrciueiuAcn.1V82
1000 3494 1025 3543 8.
1045 3489 1082 3559 (⁴³)
1145 3486 1210 3544 VIll
1227 3485 1260 3541 Se

171 3570 286 3642 [Serpit]
306 3585 397 3625 comm.
417 3571 447 3624 in
465 3569 609 3625 Donatum
623 3587 652 3640 p.
664 3575 725 3636 411,
740 3577 769 3638 2,
788 3571 836 3639 qui
852 3585 915 3625 curn
934 3586 967 3624 ec
986 3570 1076 3625 eodem
1094 3585 1154 3625 cum
1173 3568 1260 3624 Prisci

133 3679 137 3686 -
171 3653 191 3704 Ι
205 3649 253 3720 (G.
263 3649 297 3704 L.
309 3650 362 3717 Π)
376 3666 407 3719 p.
419 3653 473 3704 560
491 3650 565 3716 sonte
583 3650 705 3705 duodece
723 3651 871 3705 censendus
888 3650 933 3715 sit,
947 3650 1116 3718 neplcpcntio
1129 3651 1168 3705 od
1184 3648 1260 3703 Plau

171 3731 325 3785 meminens
343 3730 509 3784 translatum
527 3737 578 3795 est,
596 3732 668 3799 quod
687 3730 807 3785 Loco-ius
822 3728 918 3798 posuit
1005 3727 1045 3781 lx
1064 3730 1176 3786 Seuius
1194 3728 1260 3784 adr

172 3811 193 3864 I
209 3814 280 3865 480:
306 3808 478 3878 Peplumque
501 3808 639 3880 ferebant]
664 3809 778 3879 peplum
801 3808 914 3879 proprie
936 3809 980 3862 est
1007 3809 1086 3880 pullo
1103 3807 1182 3879 picta
1199 3807 1260 3864 femi

170 3890 314 3944 Mineruae
334 3891 505 3955 consecrato,
524 3891 556 3943 ut
572 3889 701 3945 Plautus:
723 3891 939 3958 ‘Numquam
951 3931 957 3943 .
969 3889 1130 3959 ‚peplnm’
1221 3893 1259 3941 10.

260 3967 286 4020 X
316 3968 357 4021 M.
377 3969 490 4024 Plotius
509 3968 564 4037 [M.
581 3967 728 4040 Claudius]
747 3970 880 4025 Sacerdos
893 3985 924 4038 p.
939 3972 1002 4035 491,
1016 3971 1115 4038 3=cs.
1136 3965 1260 4026 Rodio

170 4066 200 4117 p.
216 4053 263 4114 38,
278 4052 325 4101 31:
344 4047 434 4116 Igitur
452 4047 526 4115 qnod
545 4047 660 4104 Plautus
679 4048 872 4118 pousssboo,
892 4065 948 4103 non
967 4047 1063 4116 latine,
1083 4049 1132 4104 sed
1151 4064 1246 4120 graece

173 4119 237 4185 suit,
252 4120 308 4191 βοῶ
329 4120 407 4194 βοᾷς,
421 4121 494 4173 unde
509 4120 665 4174 deriuutum
684 4122 777 4189 reboo,
792 4121 891 4176 reboes
953 4125 995 4176 11.
1014 4119 1111 4189 posuit
1129 4119 1185 4176 boo
1197 4119 1260 4174 Kal:

334 4200 349 4232 *

172 4201 305 4333 rebooXIi
319 4201 448 4335 ildnalru
462 4282 494 4335 io
508 4280 568 4338 Ter.
584 4281 650 4335 Hcc.
662 4283 722 4335 ΙΙΙ
732 4289 758 4346 1,
768 4287 818 4336 33:
837 4282 977 4336 Fortasse.
990 4323 996 4336 .
1008 4282 1060 4336 .sic
1074 4280 1203 4336 Plautus:
1218 4277 1253 4330 ‘F

172 4359 278 4414 tonse.
290 4405 295 4415 .
308 4361 549 4430 ‚suspicarier’
608 4368 649 4417 12.
668 4362 716 4416 ted
732 4363 898 4417 Ritsclrelius
915 4367 941 4417 et
960 4361 1129 4431 suspicerier
1142 4357 1260 4417 Riuclee

173 4442 201 4494 tc
220 4444 245 4494 cl
265 4440 440 4508 suspicabere
455 4442 584 4496 Donatus
604 4440 650 4511 (*)'
