2956 5678
640 789 844 845 PRAEFATIO
1254 794 1318 847 Xlll

175 948 329 1014 castellis'
359 973 458 1017 unum
487 956 545 1017 est.
591 952 660 1017 Iam
685 977 703 1016 a
726 952 854 1018 Loewio
883 953 984 1020 discet
1011 957 1042 1020 Α
1070 956 1153 1022 hanc
1183 957 1319 1042 scriptu·

175 1077 241 1120 ram
269 1079 337 1121 non
365 1059 503 1124 firmare.
549 1061 586 1124 Id
615 1060 696 1127 scire
723 1082 788 1125 non
812 1062 933 1144 potuit:
962 1062 1107 1128 sednon
1131 1063 1234 1147 magis
1259 1065 1318 1129 sci·

175 1168 289 1227 uerunt
314 1163 484 1230 Ritschelii
507 1166 788 1250 Fleckeisenique,
816 1189 918 1252 neque
945 1172 1055 1232 tamen
1084 1169 1144 1234 hoc
1168 1171 1316 1255 exemplo

175 1268 209 1332 ad
235 1270 355 1334 vitium
378 1272 666 1338 commendandum
686 1274 780 1338 abusi
804 1278 887 1356 sunt,
910 1273 942 1338 id
967 1274 1052 1358 quod
1076 1275 1242 1359 proprium
1266 1281 1317 1342 est

175 1373 333 1443 Vahleno.
378 1377 525 1463 Denique
545 1380 676 1444 tertium
698 1379 786 1444 addit
805 1380 1028 1464 exemplum*)
1047 1380 1137 1446 ‘itam
1156 1381 1315 1447 librorum

172 1483 382 1548 testimoniis
407 1483 583 1550 firmatum’
607 1485 731 1551 seilicet
759 1485 944 1550 ‘senarium'
968 1509 997 1552 v.
1017 1488 1079 1552 601
1106 1488 1207 1570 eram
1228 1490 1316 1556 hodie

169 1591 265 1655 liceri
288 1589 403 1656 distuli
424 1592 515 1674 (itque
536 1591 607 1658 herc
629 1593 746 1658 deterri
769 1593 895 1659 Erc'tia
941 1593 1011 1659 Hoc
1033 1595 1104 1661 loco
1124 1595 1156 1659 A
1174 1618 1240 1661 non
1263 1619 1316 1661 ex·

167 1702 254 1780 stat,
277 1696 314 1763 Β
338 1703 444 1762 antem
468 1698 556 1764 laodic
577 1720 642 1764 non
666 1699 778 1764 habet:
810 1701 920 1783 itaque
948 1703 1077 1787 egregia
1108 1703 1239 1767 firmata
1267 1709 1316 1768 est

164 1804 347 1888 scriptura!
380 1804 450 1869 lam
481 1827 557 1871 vero
589 1805 662 1890 ipsa
693 1828 756 1870 vox
788 1807 876 1871 leodic
903 1808 1009 1873 minus
1039 1809 1185 1893 quadrat.
1231 1809 1314 1874 Nam

162 1910 249 1977 haec
273 1910 375 1975 verba
398 1933 479 1996 quae
503 1912 582 1978 olim
605 1911 774 1978 Vahlenus
796 1914 867 1997 ipsc
891 1914 1008 1999 aliique
1033 1916 1232 1982 damnabant
1255 1917 1316 1982 etsi

162 2017 281 2083 omitti
312 2039 377 2083 non
407 2040 503 2103 posse
526 2017 697 2104 Langenus
726 2019 893 2101 praeclare
923 2021 1174 2106 demonstravit,
1207 2028 1316 2087 tamen

163 2129 255 2191 mira
285 2128 375 2208 sunt,
403 2125 431 2188 si
455 2125 502 2190 sic
530 2125 719 2208 simpliciter
746 2148 813 2190 rem
843 2131 974 2191 enarrat
996 2127 1224 2193 Menaechmus
1248 2151 1316 2192 sae·

164 2234 244 2316 pius
270 2231 337 2297 iam
360 2235 542 2327 narratam3
564 2237 677 2297 contra
700 2233 822 2315 optime
847 2234 1021 2318 quadrant,
1049 2235 1076 2299 si
1100 2234 1197 2299 solita
1220 2234 1318 2299 iacta·

165 2341 260 2406 tione
294 2338 417 2403 furtum
450 2338 626 2422 ‘lepidum'
658 2340 761 2402 effert:
795 2340 879 2403 unde
908 2340 1048 2425 exempli
1075 2341 1184 2425 gratia
1216 2339 1317 2420 Quam

169 2447 327 2512 commode
344 2445 473 2530 reposui
492 2450 559 2510 tam
580 2445 641 2511 hac
660 2447 907 2512 ratiocinatione
928 2448 1041 2512 ductus
1063 2469 1158 2532 quam
1183 2448 1318 2512 metrica

171 2553 369 2620 condicione.
415 2550 501 2634 Nam
526 2552 704 2617 ‘senarius'
728 2554 784 2618 ille
809 2553 989 2638 adplicatur
1018 2554 1163 2618 dimetria
1187 2552 1317 2636 quibus-

174 2683 245 2725 cum
271 2659 452 2725 arctissime
471 2659 621 2724 cohaeret
641 2661 804 2724 sententia
828 2662 963 2744 ipsaque
987 2664 1157 2743 structura,
1181 2681 1317 2743 sequun-

175 2773 225 2831 tur
254 2769 363 2830 autem
394 2767 526 2830 mutatis
554 2766 700 2849 personis
730 2769 904 2850 anapaesti.
952 2766 1057 2842 Quare
1086 2767 1231 2831 senarius
1262 2789 1319 2850 per

176 2897 206 2938 sa
235 2895 277 2937 ne
311 2873 490 2956 probabilis
522 2872 649 2958 quidem
679 2880 743 2956 est,
774 2874 889 2938 nedum
926 2879 1041 2940 certus.
1088 2874 1194 2957 Atque
1223 2872 1319 2937 aliter

175 2980 410 3046 discribendum
441 3002 510 3044 esse
538 2980 623 3044 hunc
653 3002 780 3044 versum
809 3004 880 3045 cum
910 3003 947 3044 ex
978 2980 1164 3045 testimonio
1188 2981 1318 3045 demon·

177 3089 272 3152 strari
296 3093 447 3170 nequeat,
471 3088 608 3151 feliciter
632 3085 764 3172 accidit,
788 3088 871 3172 quod
896 3089 928 3151 in
954 3087 1052 3152 simili
1079 3108 1176 3150 causa
1200 3085 1317 3150 erroris

176 3195 364 3260 convincere
387 3216 560 3277 possumus
584 3192 777 3259 Vahlenum.
826 3193 865 3259 V.
879 3194 942 3259 367
956 3216 1000 3277 sq.
1025 3215 1083 3276 pro
1107 3194 1205 3278 longo
1229 3194 1262 3257 in
1286 3193 1319 3256 B

176 3284 333 3367 dimetros
356 3322 466 3365 omnes
487 3304 562 3385 post
581 3298 804 3365 Hermannum
830 3302 1078 3385 discripserunt:
1103 3323 1185 3364 unus
1200 3298 1319 3364 Vahle-

176 3433 235 3475 nus
259 3414 334 3493 post
358 3406 512 3471 Bothium
537 3407 657 3472 malum
683 3409 787 3472 effecit
811 3408 1010 3473 octonarium
1035 3405 1091 3494 (cf.
1106 3408 1205 3472 etiam
1219 3407 1240 3470 l.
1256 3430 1279 3473 s.
1296 3431 1320 3472 a

175 3541 202 3601 p.
227 3518 293 3582 612
318 3512 417 3600 adn.):
451 3534 544 3596 quem
568 3513 633 3577 iarn
660 3514 730 3597 ipse
753 3515 786 3579 Α
809 3515 989 3599 redarguit,
1017 3536 1079 3598 quo
1104 3515 1182 3579 duce
1214 3519 1319 3580 toturn

176 3625 256 3689 illud
280 3623 441 3687 canticum
461 3620 672 3685 multifariam
692 3621 869 3686 reformare
893 3621 993 3686 licuit.
1038 3621 1109 3697 Quo
1135 3621 1240 3685 minus
1264 3621 1319 3684 du·

176 3731 353 3796 bitabimus
377 3729 473 3792 etiam
498 3728 566 3791 sinc
590 3728 777 3792 testimonio
802 3751 867 3792 non
897 3728 991 3791 modo
1017 3725 1204 3793 ‘senarium’
1228 3728 1318 3790 illum

175 3859 349 3918 removere,
382 3835 436 3900 sed
466 3836 564 3899 etiam
589 3835 671 3899 alios
696 3858 806 3900 versus
839 3833 943 3920 (velut
968 3832 1114 3918 773sq.),
1143 3835 1180 3897 de
1205 3834 1319 3916 quibus

175 3966 345 4029 perperam
372 3942 537 4007 Vahlenus
561 3941 721 4006 iudicavit.
769 3941 851 4016 Quid
883 3941 990 4005 enim?
1019 3964 1094 4005 num
1119 3940 1248 4023 putabis
1274 3960 1319 4000 sa-

176 4054 266 4117 niore
289 4052 382 4115 illum
408 4056 504 4133 atque
525 4049 667 4114 acutiore
691 4048 807 4113 iudicio
833 4070 924 4111 usum
950 4070 1028 4130 esse,
1051 4048 1106 4110 ubi
1127 4048 1157 4110 A
1178 4049 1233 4109 aut
1256 4066 1319 4107 non

177 4164 284 4224 exstat
308 4161 365 4221 aut
389 4178 482 4240 opem
506 4178 569 4220 non
595 4155 674 4236 fert,
700 4156 753 4220 sed
779 4154 897 4218 eisdem
922 4160 1030 4218 tamen
1056 4153 1238 4217 rationibus
1263 4151 1320 4213 im·

176 4266 313 4350 pugnari
339 4265 456 4347 potest,
479 4269 561 4346 quas
586 4263 637 4325 hic
661 4262 728 4324 illic
752 4263 822 4344 ipsa
847 4261 1002 4323 memoria
1027 4261 1185 4323 librorum
1209 4257 1320 4322 confir·

177 4394 265 4436 mare
289 4356 462 4454 possumus
487 4391 632 4453 quasque
664 4391 700 4431 ex
725 4369 875 4432 universa
899 4367 1054 4431 memoria
1079 4370 1165 4432 recte
1189 4387 1315 4449 perpera

175 4498 255 4505 ——
271 4498 274 4502 .

265 4565 292 4634 *)
313 4563 397 4629 Quasi
417 4563 477 4632 ipse
496 4562 610 4617 irrideat
633 4561 735 4616 rationi
759 4578 823 4615 suae
844 4592 876 4602 -
897 4563 920 4615 si
940 4561 1077 4616 rationem
1105 4559 1197 4612 dicere
1216 4558 1258 4611 fas
1279 4563 1321 4610 cst.

175 4663 231 4714 qua
246 4642 417 4698 contrarium
433 4643 526 4712 potius
542 4642 661 4696 efficitur
673 4674 704 4682 -
720 4641 800 4696 addit
819 4642 931 4711 singula
951 4642 1051 4695 huius
1070 4637 1175 4708 dactyli
1195 4637 1322 4705 exempla

175 4740 275 4795 sparsa
298 4740 348 4794 per
374 4740 470 4777 omnes
494 4722 652 4778 comoedias
672 4722 802 4777 inveniri!
828 4722 956 4777 Ceterum
977 4737 1009 4775 cx
1029 4718 1165 4774 eiusmodi
1185 4716 1319 4784 exemplis

175 4806 287 4860 discant
306 4803 392 4860 ctiam
412 4803 475 4871 alii,
494 4804 613 4858 maxime
634 4802 751 4870 metrici,
772 4806 877 4870 quanta
897 4820 966 4872 oprrs
986 4801 1023 4855 sit
1042 4798 1217 4856 cautionem
1238 4797 1320 4852 libro·

176 4905 238 4940 rum
260 4883 453 4940 Plautinorurn
474 4884 665 4939 ‘auctoritate’
689 4884 834 4939 laudanda.
