2956 5678
163 304 227 358 XIV
629 305 834 363 PRAEFATIO

207 468 287 533 cum
312 474 404 553 patre
428 462 464 534 ut
487 470 557 535 abii
577 471 752 537 Tarentum
776 473 816 536 ad
841 476 1030 537 mercatum:
1054 475 1170 555 postea

206 560 297 640 luter
319 577 467 642 homines
491 581 542 642 me
565 578 711 643 deerrare
735 581 754 642 ri
778 583 869 663 patre
893 584 990 663 atque
1012 579 1087 644 inde
1111 578 1218 643 auehi.

162 681 247 747 Nam
270 705 330 748 nec
353 688 508 767 quattuor
531 686 731 769 syllabarum
761 709 831 750 esse
854 688 995 752 deerrare
1015 685 1139 771 potuit,
1161 706 1223 750 nec
1244 688 1299 750 ter·

162 790 208 853 tio
232 811 327 854 versu
351 795 481 873 poetam
505 792 573 856 ullo
602 792 697 857 modo
720 792 874 858 credibile
902 796 952 857 est
973 792 1088 875 Apollo
1110 793 1158 856 mi
1178 813 1217 857 aa
1238 813 1298 857 oru-

161 897 228 961 culo
259 898 393 980 imperat
423 897 559 963 dedisse.
614 898 702 965 Haec
732 900 834 984 igitur
866 922 939 964 cum
971 898 1211 964 dubitationem
1240 920 1294 963 non

164 1003 307 1069 habeant
325 1004 358 1068 in
380 1006 554 1088 quantavis
573 1006 731 1071 orationis
755 1007 981 1091 perpetuitate,
1004 1005 1080 1070 hiuc
1103 1006 1291 1090 proficiscen·

161 1111 238 1174 dum
268 1111 329 1175 erit
360 1112 400 1176 ed
430 1136 468 1178 ea
492 1134 619 1197 quoque
649 1113 797 1198 exempla
819 1113 955 1178 tutanda
978 1135 1075 1197 quae,
1103 1112 1225 1196 absque
1243 1111 1288 1175 illo

161 1221 256 1301 esset,
280 1221 332 1281 sat
353 1218 480 1283 lenibus
504 1220 687 1305 corrigendi
710 1220 858 1285 artificiis
881 1219 994 1285 hiandi
1017 1218 1196 1285 offensione
1217 1218 1285 1282 omui

162 1323 383 1389 liberarentur.
429 1325 519 1411 Ergo
542 1348 609 1391 non
632 1327 857 1392 sollicitandos
881 1326 957 1392 duri
980 1349 1008 1391 v.
1032 1327 1109 1391 407.
1132 1325 1206 1391 435.
1228 1326 1283 1389 611.

164 1431 237 1494 567.
262 1432 335 1496 923.
358 1432 433 1496 950.
460 1434 553 1497 1οῚ2.
579 1434 679 1498 1091:

207 1536 291 1602 Nem
314 1541 425 1604 neseio
449 1561 553 1623 quem,
576 1541 700 1625 mulier,
723 1541 823 1606 alium
848 1540 1024 1624 h6minem,
1047 1561 1114 1604 non
1138 1562 1189 1605 me
1209 1540 1280 1624 quat

803 1648 893 1712 ritas.

209 1750 323 1817 Habeo
346 1753 514 1837 praedam:
538 1757 666 1819 trintum
690 1755 796 1838 incepi
819 1753 936 1837 operis.
970 1754 1034 1818 iet
1058 1757 1211 1838 quantum
1229 1756 1278 1834 pot·

801 1865 851 1926 est
874 1898 926 1925 -.

209 1964 304 2030 Certe
328 1967 538 2032 familidrium
562 1969 683 2053 aliquoi
706 1966 817 2033 irata’s
833 1990 859 2032 r:
873 1966 988 2052 Nugds
1012 1968 1095 2053 agis.

207 2071 293 2138 Nam
317 2075 355 2137 ex
378 2074 439 2138 hac
463 2075 589 2140 familia<
612 2097 663 2139 me
686 2075 784 2159 plane
808 2074 964 2140 excidisse
986 2074 1155 2160 intellego.

208 2177 270 2244 Dic
293 2180 373 2244 mihi
396 2180 471 2246 hoe:
496 2181 602 2246 solent
625 2181 685 2246 tibi
708 2204 862 2266 umquam
886 2181 972 2246 oculi
995 2181 1067 2246 duri
1092 2178 1173 2246 fieri.

208 2285 420 2352 Helleborurn
444 2288 573 2371 potabis
596 2288 672 2353 faxo
697 2289 823 2372 aliquos
848 2286 968 2373 uiginti
988 2286 1066 2353 dies.

208 2392 303 2457 Hunc
326 2395 495 2458 censebam
520 2397 552 2460 te
576 2417 661 2460 esse:
685 2395 760 2460 huic
783 2396 883 2459 etiam
907 2393 1040 2459 exhibui
1062 2393 1227 2478 negotium.

208 2499 378 2567 Memorat.
406 2502 537 2566 meliust
558 2503 619 2566 n6s
643 2501 731 2566 adire
754 2502 851 2586 dtque
874 2499 960 2565 hunc
983 2499 1208 2584 percontdrier.

163 2607 305 2683 Quorum
336 2609 441 2691 primo
472 2608 591 2673 licebat
621 2609 720 2674 ulium
747 2613 781 2673 tu
807 2608 977 2686 bominem,
1008 2607 1112 2672 altero
1140 2604 1227 2689 rrroepl
1240 2599 1275 2663 ld

163 2716 277 2795 operis,
309 2715 407 2779 tertio
438 2716 556 2797 aliquoi
584 2721 617 2780 tu
645 2717 769 2792 iratus,
798 2719 913 2798 quarto
935 2715 1034 2796 plane
1060 2715 1128 2778 iam
1154 2709 1273 2779 eruditu

164 2821 276 2903 quinto
301 2843 487 2904 umquamne
509 2823 601 2900 oculi,
625 2824 716 2886 sexto
738 2822 815 2902 fuco
834 2821 970 2906 potabis,
997 2821 1138 2904 septimo
1160 2819 1204 2884 te‘d
1218 2831 1272 2879 ure:

162 2927 234 2990 lucie
255 2929 358 3001 etium,
381 2932 495 2993 octavo
514 2930 602 2993 adire
624 2934 713 3011 atcere
734 2928 839 2993 brinee.
863 2964 905 2974 —
929 2926 1019 2992 Haec
1042 2927 1143 3013 igitur
1163 2945 1223 2990 cun
1239 2919 1273 2981 itt

164 3032 244 3116 sint,
271 3034 355 3097 haud
385 3036 452 3100 seio
477 3058 518 3100 an
541 3057 606 3100 non
634 3039 762 3119 praeter
784 3034 1032 3099 similitudinem
1054 3033 1123 3099 veri
1146 3026 1270 3117 quispiam

164 3138 247 3202 hanc
271 3139 374 3223 ipsam
398 3142 507 3207 hiatus
531 3142 746 3227 frequentiam
770 3141 844 3206 inde
868 3145 1006 3225 repetat,
1029 3139 1116 3225 quod
1138 3129 1271 3203 Mantel-

164 3268 291 3310 morum
314 3248 427 3313 fabula
450 3271 489 3313 ex
512 3249 748 3334 antiquissimis
777 3270 848 3313 esse
871 3248 1047 3331 Plautinis,
1074 3267 1154 3332 quae
1174 3238 1269 3328 quidem

164 3356 303 3417 aetatem
323 3355 476 3439 tulerunt,
499 3356 711 3420 existimatur.
757 3353 945 3441 Eodemque
969 3355 1110 3420 fortasse
1132 3348 1204 3416 illud
1220 3360 1270 3427 per·

164 3460 254 3545 tinet,
277 3461 363 3544 quod
387 3483 458 3526 sero
479 3462 693 3527 animadverti
717 3466 774 3526 eut
794 3462 873 3525 mihi
896 3461 986 3525 visus
1011 3483 1083 3525 sum
1107 3451 1269 3525 animadver-

163 3570 232 3630 tere
265 3567 337 3650 plua
370 3568 518 3633 licentiae
546 3569 581 3632 in
608 3568 670 3633 hac
699 3590 794 3652 quarn
822 3566 856 3631 in
884 3566 957 3631 aliis
987 3566 1109 3631 fabulis
1131 3557 1268 3648 sumpslflse

163 3673 226 3736 sibi
250 3679 379 3757 poetam
398 3675 432 3738 in
451 3674 656 3757 producenda
675 3674 851 3758 eademque
871 3673 1016 3738 acuenda
1038 3673 1154 3738 ultima
1173 3659 1269 3753 syllaba

164 3780 240 3842 milui
273 3780 328 3845 tibi
357 3781 418 3846 arbi
450 3781 687 3862 pronominum.
734 3780 878 3856 Quorum
906 3801 980 3844 eum
1009 3779 1095 3845 hanc
1123 3786 1268 3844 mensuum

163 3903 209 3941 co
232 3906 302 3948 esse
326 3886 405 3950 olim
429 3887 510 3969 dixi,
539 3887 604 3950 dixi
633 3887 719 3970 quod
749 3887 906 3951 usitatum
934 3889 985 3950 est
1015 3889 1048 3950 et
1079 3872 1269 3952 consuetudine

165 3995 343 4075 receptum,
372 3993 491 4057 nimius
520 3996 556 4056 ut
584 3992 710 4057 videtur
733 3993 767 4056 in
790 4014 828 4056 eo
851 3991 936 4076 quod
959 3992 1117 4075 pristinae
1139 3997 1270 4056 mensume

165 4094 322 4161 iambicae
355 4100 419 4162 iam
450 4098 603 4164 Plautina
631 4102 737 4163 aetate
766 4100 817 4163 vel
842 4098 994 4162 Plautina
1018 4100 1052 4162 in
1075 4098 1165 4183 poesi
1185 4106 1271 4160 ermu-

164 4224 234 4265 esse
258 4225 351 4267 usum
371 4226 499 4270 omnem
519 4206 652 4271 credidi:
676 4228 751 4269 nam
766 4228 786 4270 a
801 4205 961 4289 principio
985 4206 1131 4291 longam,
1151 4224 1210 4270 non
1224 4197 1272 4260 brt

164 4329 237 4371 vom
269 4311 413 4375 vocalem
446 4313 545 4377 fuisse
574 4313 826 4377 evidentissimis
854 4317 891 4376 ut
918 4317 998 4395 puto
1028 4299 1274 4399 argumentata

167 4418 339 4480 monstrari
373 4422 487 4483 contra
511 4418 717 4483 Theodorum
746 4417 923 4504 Bergkium
952 4423 1071 4504 potest.
1118 4416 1228 4483 Verum
1251 4405 1277 4470 dt
