2956 5678
171 321 236 386 120
676 320 810 377 PLAVTI
1061 324 1069 335 ’
1117 323 1140 378 V
1160 332 1192 391 4,
1211 332 1320 381 27-35

170 467 417 564 [Adulescentes
440 484 488 549 rei
513 484 656 568 agendae
680 484 736 549 isti
760 485 864 569 migis
888 485 994 550 solent
1016 485 1152 570 operim
1176 486 1278 570 dare]

166 588 237 653 Iam
261 591 394 657 obsecro
417 591 524 656 hercle
546 591 665 656 habete
688 592 782 656 uobis
805 595 877 657 edm
901 593 1022 677 porcis,
1045 615 1119 658 cum
1144 593 1274 662 fiscina

668 730 812 786 Evincnrs

168 803 277 869 Redde
301 804 377 870 fili6.

378 999 449 1065 Iam
472 1021 544 1065 eam
567 1003 604 1063 ut
626 907 854 1084 unweme
878 998 941 1062 sibi
963 982 1086 1065 haberit
1108 1001 1197 1069 licet„

646 1138 765 1192 Lreinsc
803 1158 816 1192 s

166 1231 322 1316 Tempore
346 1230 471 1314 edepol:
495 1230 648 1315 quoniam
671 1235 709 1296 ut
731 1158 826 1296 8th
848 1231 950 1298 ficies
973 1237 1111 1298 nonest
1135 1234 1239 1318 cdpia.
1263 1251 1315 1300 99⁰

673 1387 798 1442 Dnuimo

167 1479 313 1566 Sdpplici
337 1478 400 1545 sibi
423 1481 531 1543 sdmab
554 1478 641 1562 quod
663 1480 733 1544 noli
755 1478 826 1565 ipse
848 1480 891 1544 ob
914 1480 998 1545 hanc
1020 1481 1186 1549 inimiam

164 1586 262 1652 Modo
284 1608 398 1670 pacem
421 1586 549 1652 facietis
573 1608 644 1669 oro,
665 1589 704 1650 ui
724 1587 766 1651 ne
792 1586 874 1651 mihi
896 1587 1000 1651 iratds
1023 1588 1097 1652 siet.

164 1692 199 1757 Si
222 1694 328 1758 hercle
352 1693 518 1759 sciuissem
543 1692 612 1757 siue
635 1691 715 1757 adeo
738 1692 845 1758 idculo
869 1692 1003 1758 dixisset
1025 1694 1125 1779 mihi,

164 1798 205 1864 Sd
237 1800 327 1865 illam
360 1820 480 1884 amare,
509 1802 684 1882 nquuam
721 1798 859 1864 facerem
891 1804 928 1864 ub
963 1798 1058 1864 illam
1091 1804 1221 1866 amanti
1258 1805 1309 1868 ab

799 1904 955 1971 ddcerem.

162 2011 325 2098 Edbyche,
347 2013 402 2079 ted
425 2015 497 2079 ord:
525 2011 645 2079 sodalis
669 2009 738 2076 eius
762 2032 810 2077 es:
842 2034 936 2078 serua
959 2016 992 2076 ei
1015 2014 1164 2079 snbueni.
1260 2033 1307 2082 995

164 2123 376 2132 -.-.-.-.---..Ι

232 2167 292 2217 988.
312 2162 424 2218 Servios
446 2162 483 2216 od
508 2159 604 2230 Georp.
629 2159 651 2212 Ι
672 2162 745 2214 266:
769 2159 952 2216 ...Planius
978 2160 1008 2215 in
1035 2160 1208 2218 Mercatore:
1239 2163 1306 2219 ‘uo-

161 2242 292 2296 biscum
312 2240 525 2297 ...fiscina’

232 2374 291 2424 987.
312 2368 354 2435 Of.
373 2385 397 2422 v.
417 2369 473 2423 983
551 2363 751 2418 Adulescentes
774 2365 817 2428 (te
834 2380 855 2418 e.
873 2368 912 2432 o.)
931 2363 959 2418 0,
992 2364 1240 2421 AdolesceniesZ

160 2447 200 2502 rei
224 2450 333 2517 agenda
353 2450 397 2502 est
418 2447 454 2502 B.
492 2446 532 2500 rei
555 2444 694 2516 gerendae
722 2443 953 2511 Umpfersboobiue
975 2444 1065 2498 Melet.
1098 2444 1199 2501 Plora.
1219 2464 1248 2515 p.
1271 2451 1303 2499 45

159 2529 242 2582 simul
259 2527 350 2598 magis
369 2528 467 2584 nolent
481 2526 601 2581 scribens
672 2539 758 2592 opera
778 2521 868 2576 1301)
939 2530 1006 2578 988:
1020 2525 1098 2580 Dem.
1116 2541 1189 2593 pere.
1204 2541 1303 2594 moeri.

162 2606 348 2674 Camerarius,
368 2625 418 2664 om.
438 2609 504 2662 libri
574 2603 669 2660 hercle
692 2602 794 2657 habete
818 2601 898 2659 uobis
921 2602 1078 2658 Acidaliae.
1114 2603 1210 2658 hercle
1228 2605 1302 2659 uobis

159 2688 260 2743 habete
287 2688 365 2753 iibri,
388 2689 445 2743 nisi
467 2688 539 2758 quod
561 2686 664 2741 habere
693 2683 724 2735 Z.
765 2681 845 2736 uobis
873 2680 967 2736 hercle
994 2682 1098 2737 hebete
1125 2682 1302 2738 Camerarius.

159 2767 239 2822 uobis
258 2783 320 2822 carn
335 2768 437 2823 habeis
452 2768 564 2822 Servius
636 2780 699 2817 cnm
717 2762 811 2830 porcis
826 2779 888 2815 cum
903 2760 1001 2816 fiscina
1018 2779 1078 2816 cnm
1093 2764 1174 2818 libris
1188 2763 1301 2819 Semne.

55 2870 58 2875 ¹
159 2847 263 2916 sportis
289 2849 357 2903 dece
384 2848 519 2902 Solmosio
546 2846 587 2901 oei
614 2842 704 2913 porris
732 2842 883 2896 coniciebot
909 2842 1073 2896 Acidaliae:
1106 2842 1219 2898 fuscina
1246 2843 1301 2897 So*L

74 2918 94 2999 ζ
158 2927 268 2979 maeres.
300 2926 355 2981 Res
377 2928 505 2982 obscuro:
532 2927 567 2992 cs.
591 2923 771 2978 Schneiderue
789 2922 822 2975 dr
837 2923 962 2990 proverb.
983 2923 1082 2976 Plorat.
1107 2927 1133 2975 ei
1158 2921 1221 2978 Ter.
1242 2926 1302 2991 μᾶ

229 3010 289 3058 989.
315 3005 428 3060 Versum
445 3007 566 3074 sequenti
584 3001 725 3073 postponit
748 3001 913 3056 Riiscbeliue
998 3002 1048 3056 EV
1071 3001 1170 3056 Redde
1191 3002 1303 3057 D‘FZ:

157 3100 206 3138 om.
234 3082 336 3136 BCD¹
444 3084 511 3137 filio.
535 3083 584 3136 De.
608 3082 666 3134 Iam
694 3096 756 3134 eam
779 3085 812 3135 ui
833 3083 940 3150 eeripei.
979 3083 1037 3136 filio
1060 3081 1114 3135 sibi
1139 3082 1176 3146 (ei
1200 3083 1301 3147 DFZ)

157 3162 259 3216 hebens
274 3160 323 3215 EV
342 3162 401 3216 Iam
419 3163 488 3228 (iam
505 3165 565 3217 eice
580 3177 651 3231 pere.
671 3164 695 3213 et
711 3165 781 3228 apat.
799 3159 932 3228 GDFZ)
949 3164 981 3215 ui
997 3164 1059 3226 (om.
1078 3159 1216 3228 ΟΜΖ)
1234 3164 1302 3217 iibri.

157 3241 215 3296 filio
235 3241 289 3296 sibi
308 3244 419 3298 habeat.
440 3244 517 3297 Dem.
537 3245 596 3297 lam
620 3243 654 3294 ni
672 3239 860 3306 Camerarius,
883 3240 1063 3307 Ritrcbeb'os,
1084 3247 1234 3309 postquam
1252 3243 1302 3295 sibi

154 3322 261 3385 babeat
281 3323 363 3378 ‘aiibi
382 3325 444 3394 lepi'
468 3326 538 3378 Piae
556 3324 637 3377 dixit.
661 3320 727 3375 filio.
750 3320 783 3375 D.
803 3319 891 3374 Immo
915 3321 971 3375 iam
995 3324 1028 3374 nt
1049 3321 1207 3375 Muellerus
1228 3323 1301 3376 Prie.

158 3396 206 3454 Pl.
227 3419 257 3469 p.
282 3407 336 3457 743
416 3403 473 3460 DE.
493 3403 547 3457 Per
570 3401 630 3455 ΡΖ
713 3416 778 3470 pme
802 3399 830 3452 B
901 3417 952 3470 per
975 3416 1020 3455 me
1042 3400 1149 3454 habeat
1174 3402 1302 3471 Guyetuc,

155 3477 321 3534 Bitscbelius
411 3488 471 3536 990.
500 3481 547 3535 DE
576 3498 680 3549 proern.
711 3478 753 3532 D¹
848 3481 984 3549 Tempore
1019 3478 1135 3547 edepol:
1173 3480 1300 3547 quoniam

155 3558 334 3615 Buecieeierrcs
354 3562 430 3616 Mus.
450 3562 536 3616 Rhea.
555 3563 606 3617 vol.
626 3566 661 3614 15
678 3563 715 3625 (a.
737 3562 822 3626 1860)
835 3575 865 3627 p.
881 3563 941 3612 444.
975 3558 1096 3626 Temper
1114 3558 1217 3628 edepol
1236 3576 1300 3627 quo-

155 3638 231 3695 niam
257 3641 293 3695 D.
341 3642 460 3710 Temper
487 3642 586 3711 edepol
615 3640 670 3708 qud
698 3638 726 3693 0.
769 3638 937 3708 Temperare
970 3638 1068 3707 edepol
1103 3640 1238 3708 qnoniam
1267 3640 1300 3692 B.

155 3717 270 3789 Semper·
284 3721 392 3789 edepol.
412 3721 467 3776 EV.
484 3721 620 3786 Quoniam
636 3719 702 3772 ΕΖ.
734 3718 863 3788 Temperi
877 3719 985 3788 edepol,
1004 3720 1139 3787 quoniam
1152 3720 1297 3774 Acidaiiue

224 3800 298 3854 Ante
312 3801 344 3853 ut
357 3805 381 3855 et
395 3808 457 3855 onte
471 3801 557 3855 faciae
571 3817 659 3855 vocuo
673 3798 802 3868 spatici]
863 3798 943 3867 copia
953 3798 1083 3868 Guyctrsc.
1114 3801 1198 3873 copie
1211 3799 1300 3853 GDZ.

154 3879 233 3948 copie
253 3878 318 3933 BF
397 3887 457 3937 991.
482 3880 618 3951 Supplicii
642 3880 707 3934 libri
793 3877 846 3931 sibi
874 3894 924 3932 om.
953 3877 1077 3931 ΟΜΖ
1174 3881 1254 3933 elima
1279 3879 1302 3931 Ζ

224 3960 299 4026 qnod
317 3960 444 4015 Botbiue.
477 3961 544 4029 quid
563 3961 630 4015 libri
706 3959 767 4013 uult
786 3957 818 4012 F
892 3956 999 4012 obhanc
1018 3957 1045 4011 B
1134 3958 1301 4013 eraserint

152 4035 226 4091 ieoro
254 4039 287 4091 ub
310 4039 338 4093 0.
375 4039 464 4094 sociat
486 4040 588 4095 misero
611 4042 644 4093 ut
665 4038 693 4092 B
783 4040 870 4093 iretns
896 4036 949 4091 sieb
976 4038 1105 4107 Pylades.
1145 4038 1237 4093 nebus
1262 4045 1301 4092 est

151 4115 248 4171 BOD.
281 4117 370 4172 iratus
389 4120 449 4173 ΕΖ
534 4127 593 4175 993.
612 4118 706 4174 hercle
731 4120 767 4183 (h
784 4134 805 4172 s.
825 4116 905 4186 c.)G
991 4116 1087 4171 loculo
1106 4118 1236 4173 BODF

150 4197 253 4252 uocula
277 4197 355 4253 dinei
373 4201 442 4253 mihi
466 4200 494 4256 S.
515 4201 544 4255 J.
571 4201 689 4255 Warrere
714 4198 801 4252 ‘Over
817 4199 851 4252 de
867 4197 1065 4274 podedienstipe
1084 4215 1119 4252 cre
1138 4199 1300 4268 wr'jspceripr

150 4275 297 4346 beprippeo
319 4279 367 4332 der
389 4279 512 4334 Jaioa'e'
543 4281 581 4335 ed.
608 4281 702 4335 Zwoil.
731 4296 756 4332 a.
790 4283 863 4332 1875
890 4277 953 4330 ilaec.
1033 4282 1094 4330 994.
1127 4278 1183 4332 Sed
1213 4279 1236 4332 G

148 4356 334 4422 nunquamC
426 4364 486 4414 995.
511 4359 574 4428 Lys.
596 4376 698 4428 praem.
723 4357 779 4422 Di,
803 4356 870 4411 Cha.
896 4355 921 4408 Ζ
993 4355 1116 4411 Eutiche
1139 4358 1232 4413 BOD

148 4432 199 4484 bed
223 4449 272 4488 oro
296 4434 432 4506 euectus,
455 4437 624 4495 Ritscbrir'uo
643 4439 713 4495 Noc.
738 4454 794 4493 ecc.
814 4453 846 4506 p.
870 4439 914 4490 37.
951 4439 980 4489 ic
1003 4452 1054 4510 oro
1078 4437 1154 4493 libri.
1199 4455 1250 4494 oro
1274 4441 1299 4492 le
