2940 5062
642 871 870 946 AOTVS
902 872 951 945 II

549 1153 781 1207 CAPPADOX.
815 1152 1056 1206 Pamvavs

708 1296 901 1363 osismos

229 1401 372 1487 Migrare
397 1407 553 1468 certumst
575 1405 639 1468 iarn
663 1426 748 1468 nunc
772 1426 789 1467 e
812 1403 888 1468 fano
911 1403 1008 1486 foras,

232 1508 368 1584 Quando
392 1510 566 1594 Aesculapi
590 1511 637 1575 ita
661 1512 766 1575 sentio
791 1511 995 1593 sententiam,

230 1613 277 1678 Ut
299 1614 358 1699 qu1'
377 1637 428 1680 me
451 1616 546 1680 nihili
568 1616 670 1682 faciat
692 1639 751 1682 neo
774 1617 899 1682 salvom
922 1616 1008 1681 velit

232 1720 393 1785 Valetudo
418 1722 581 1806 decrescit,
605 1722 761 1787 adcrescit
784 1723 886 1787 labor.

232 1825 318 1890 Nam
343 1826 408 1890 ia‘m
433 1829 525 1910 quasi
548 1849 629 1891 zona
653 1827 738 1892 liene
761 1829 884 1893 cinctus
909 1829 1055 1893 ambulo:

231 1930 387 1996 Geminos
411 1933 578 1997 iuventte
601 1933 722 1998 habere
746 1934 855 2000 videor
878 1934 980 2000 filios.

231 2038 287 2103 Nil
313 2041 424 2103 metuo
448 2039 513 2104 nisi
536 2061 576 2102 ne
599 2040 723 2104 medius
747 2039 931 2124 disrumpar
953 2042 1060 2105 miser.

705 2163 908 2230 Psmsvavs

234 2268 267 2334 Si
291 2272 378 2335 recte
401 2271 513 2355 iacias,
535 2269 744 2354 Phaedrome,
768 2272 929 2336 auscultes
953 2272 1043 2356 mihi,

234 2377 342 2460 Atque
365 2376 462 2442 istam
487 2377 638 2441 exturbes
662 2379 701 2441 ex
724 2379 832 2441 animo
856 2377 1099 2462 aegritudinem.

233 2483 334 2548 Pares
358 2485 520 2568 parasitus
544 2481 706 2567 quianon
729 2484 825 2548 rediit
848 2481 960 2548 Caria:

232 2590 367 2655 Adferre
392 2596 562 2676 argentum
586 2591 691 2655 eredo.
726 2611 801 2653 nam
826 2591 854 2653 si
877 2592 944 2653 non
966 2589 1059 2674 ferat,

233 2697 411 2761 Tormento
434 2718 500 2761 non
524 2696 656 2760 retineri
680 2695 788 2778 potuit
810 2695 924 2777 ferreo,

234 2802 317 2878 Quin
341 2804 499 2886 rc‘ciperet
523 2824 557 2867 se
580 2802 643 2866 huc
666 2804 755 2866 esum
780 2801 820 2865 ad
844 2803 1031 2885 praesepem
1055 2825 1156 2868 suam.

303 2975 363 3023 228.
385 2969 531 3024 Charisius
544 2986 575 3037 p.
591 2973 702 3034 59,11:
721 2967 774 3021 hoc
793 2983 928 3036 praesepe
946 2967 1112 3022 neutraliter
1131 2969 1264 3040 [dicimus
1279 2972 1311 3023 et
1328 2968 1387 3025 hoc

303 3130 365 3182 Act.
390 3128 432 3180 II
455 3128 498 3181 Sc.
524 3133 548 3182 1.
587 3125 760 3182 CAPADOX
787 3125 885 3181 LENO
912 3125 1062 3180 SERVVS.
1090 3127 1170 3182 ΒἘ.
1207 3126 1386 3182 CAPADOX

231 3205 329 3259 LENO
349 3206 557 3261 PALINVRVS
578 3205 762 3259 SERVVSJ
831 3211 892 3258 216.
919 3205 957 3258 mi
975 3223 1056 3275 grate
1075 3207 1102 3260 B
1174 3211 1284 3263 eertum
1302 3206 1388 3261 atB.

232 3289 338 3340 certum
357 3286 443 3340 estJ
527 3285 658 3340 nunciam
677 3285 869 3339 Fleceeaenus
953 3285 1035 3340 efano
1053 3286 1117 3340 BJ.
1155 3286 1247 3341 silano
1266 3286 1298 3341 Ε

231 3372 291 3419 217.
322 3365 460 3434 esculapi,
489 3382 504 3417 c
532 3383 565 3419 ac
594 3383 613 3433 p
640 3366 675 3419 B.
713 3363 838 3433 esculapi
865 3361 902 3419 Ε.
940 3364 1074 3434 esculapii
1102 3367 1126 3419 J
1214 3372 1276 3425 218.
1299 3366 1386 3435 utqui

231 3463 265 3499 ec
288 3445 518 3513 aequamen
588 3443 688 3498 nichili
707 3444 764 3497 Ε]
834 3442 918 3496 fatiat
936 3443 966 3496 E
1036 3446 1158 3500 uanitJ
1228 3452 1290 3503 219.
1317 3447 1386 3501 nale

235 3528 265 3579 tu
291 3526 327 3579 do
350 3525 387 3578 E.
425 3523 552 3578 ualitudo
573 3523 636 3577 JF.
676 3523 807 3577 ualetudo
831 3523 887 3576 iam
905 3523 1085 3592 Bruqmanas
1109 3528 1126 3579 l.
1146 3542 1165 3580 e.
1185 3542 1206 3581 s.
1224 3543 1253 3595 p.
1272 3530 1310 3580 45

234 3623 268 3660 ac
287 3604 430 3659 crescitJ
518 3610 578 3656 220.
603 3601 683 3670 quasi
706 3618 777 3656 aona
794 3619 827 3656 ec·
845 3617 915 3655 zona
935 3602 1016 3668 quasi
1034 3603 1065 3656 Ε
1153 3604 1243 3658 cintus
1262 3603 1293 3658 E

235 3692 295 3742 221.
314 3685 441 3738 inuentre
460 3683 553 3736 ΒΕ]
604 3689 665 3736 222.
686 3687 745 3736 223.
766 3682 821 3735 His
838 3681 959 3735 verubus
973 3684 1004 3736 ia
1017 3682 1045 3735 B
1063 3685 1212 3753 adempsit
1224 3701 1299 3738 maa.
1314 3700 1385 3739 saec.

238 3765 393 3833 XIIIJXI
399 3763 425 3817 V
444 3764 522 3817 hoec:
548 3762 639 3816 solent
661 3762 714 3816 tibi
739 3761 813 3816 oculi
835 3760 898 3813 duri
922 3761 981 3814 fieri
1006 3751 1137 3817 censesne
1156 3763 1295 3817 locustam
1315 3779 1388 3829 ease,

236 3846 356 3912 adquae
371 3844 546 3898 Camerarius
560 3843 682 3896 addidit:
701 3841 771 3896 haec
784 3841 821 3896 ad
835 3841 978 3896 Menaech.
993 3842 1142 3910 pertinent
1163 3842 1205 3908 Os.
1217 3841 1389 3897 Ritsctele'as

238 3923 335 3990 Opasc.
347 3924 443 3990 philol.
458 3922 509 3976 ool.
525 3923 605 3990 Hp.
621 3925 692 3975 274:
709 3927 832 3990 spectum
845 3924 883 3976 od
895 3939 920 3976 v.
935 3927 990 3977 231
1042 3928 1102 3976 222.
1122 3919 1194 3976 nihil
1203 3922 1239 3975 Β.
1258 3923 1392 3979 nichila*

237 4018 282 4055 me
301 4002 332 4054 F
406 4020 451 4056 me
470 4002 533 4055 dius
552 4002 583 4054 Ε
660 4001 817 4070 disrumpar
835 4019 869 4055 ea
887 4001 1030 4071 dirumpar
1048 4001 1091 4054 Ea
1171 4006 1232 4055 223.
1252 4000 1340 4057 fatias
1358 4002 1390 4057 Ε

300 4081 453 4150 phedrome
471 4082 563 4135 ΒΕ]
623 4080 710 4134 michi
729 4080 787 4133 Ε]
848 4087 908 4135 224.
928 4081 1057 4136 exanimo
1076 4081 1135 4134 Ε]
1194 4082 1387 4151 egritudinem

236 4160 266 4213 Ε
336 4167 396 4216 226.
416 4162 557 4230 parasitus
575 4160 657 4226 (situs
671 4176 704 4213 ex
722 4162 780 4231 tus)
798 4161 826 4212 B
911 4162 985 4215 redit
1002 4161 1030 4212 B
1120 4165 1181 4214 226.
1201 4160 1237 4214 ad
1257 4161 1332 4216 ferre
1349 4162 1386 4218 B.

236 4240 335 4294 afferre
355 4241 383 4296 J.
409 4244 438 4294 at
456 4241 528 4294 ferre
548 4240 696 4294 Aciclule'us
760 4240 842 4294 credo
861 4258 926 4294 nam
945 4258 978 4294 eu:
997 4241 1144 4295 credonam
1163 4240 1206 4292 E·
1265 4241 1388 4296 sinonJ

307 4326 367 4373 227.
387 4321 479 4388 potuit
502 4338 535 4375 ea
558 4320 635 4390 ptuit
653 4320 701 4373 2².
740 4322 768 4371 al
787 4320 895 4388 poterit
912 4323 943 4374 in
962 4338 1048 4389 usurp.
1067 4319 1116 4373 Εἴ
1153 4318 1260 4389 poterit
1277 4320 1310 4374 Ε

237 4402 296 4452 228.
318 4399 436 4467 recipiat
454 4401 573 4455 Botlaias
662 4417 770 4453 cessum
786 4400 904 4455 Nonius.
943 4417 1034 4453 essum
1049 4399 1249 4456 mccl-eaesae.
1283 4399 1387 4456 cessim
