2956 5678
248 362 324 417 xxn
721 348 926 407 PRAEFATIO

246 525 459 611 explicatione
490 525 617 586 tantum
646 520 807 582 servatum
836 514 879 578 sit
906 516 939 577 et
966 533 1024 595 pro
1052 511 1312 591 frequentarem!
1337 500 1397 565 troi

246 635 376 718 legatur
415 629 554 713 'spinato'
595 630 638 691 cst
675 617 883 706 frequentare,
919 619 1092 684 adiuvante
1129 617 1233 679 metro
1272 612 1394 698 scripsi

247 739 422 824 <0>ptanti
448 740 492 802 est
515 734 710 815 frequentare
740 728 788 813 (et
813 729 989 808 utibilisquc
1015 725 1123 789 laudere
1152 745 1225 817 cum
1252 720 1395 785 Bothi0:

247 869 310 932 quo
336 845 423 910 facto
442 844 495 908 hie
515 862 625 906 versus
644 860 709 903 non
729 837 837 905 miuus
854 835 1007 900 concinne
1027 829 1202 916 respondet
1219 828 1328 894 versui
1351 830 1391 892 11

247 975 344 1040 quam
364 949 559 1036 praecedens
574 945 680 1012 versui
699 940 772 1030 10):
795 942 853 1007 ubi
866 941 984 1024 optanti
999 939 1121 1022 sumpsi
1136 937 1248 1002 eadem
1262 935 1395 1001 ratione

247 1060 425 1124 abscissum
446 1056 567 1139 fuisse,
580 1075 644 1138 qua
666 1051 769 1116 orurzti
792 1072 821 1114 v.
841 1049 896 1113 84:
920 1068 978 1130 pro
1003 1068 1066 1131 quo
1088 1044 1158 1109 Tibi
1176 1044 1258 1109 adici
1282 1041 1397 1126 potuit

248 1170 304 1232 aut
331 1150 368 1229 ex
397 1161 647 1248 interpolatione
675 1155 829 1244 (fortasse
858 1154 898 1218 ad
922 1154 946 1217 a·
969 1152 1144 1236 syllabam,
1168 1173 1250 1235 quae
1274 1150 1394 1215 relicta

246 1325 352 1408 fuerit,
371 1317 598 1407 supplendam)
619 1323 674 1384 aut
697 1339 735 1382 ex
759 1271 943 1382 correctura
961 1313 1047 1380 vocis
1070 1260 1214 1394 rabidisque
1233 1312 1318 1375 male
1344 1312 1393 1376 in·

247 1433 387 1508 tellecta,
406 1451 488 1514 quae
506 1425 704 1492 Fleckeiseni
724 1423 864 1508 suspicio
879 1421 951 1485 fuit.
985 1420 1185 1502 Quamquam
1206 1419 1395 1483 accuratius

247 1543 284 1605 ut
303 1537 446 1603 dieamus
467 1535 571 1600 Varro
591 1533 718 1597 videtur
736 1531 853 1614 legisse
870 1529 964 1609 fusile
986 1528 1105 1611 optanti
1127 1531 1171 1591 cst
1185 1527 1399 1610 frequentare,

226 1646 280 1710 ,Ρ
303 1665 380 1710 vero
406 1643 499 1723 fusile
525 1645 569 1706 est
592 1641 787 1722 frequentare
813 1636 975 1721 <apricam
1003 1635 1052 1698 vel
1081 1632 1282 1717 <institun>ti
1331 1630 1396 1697 Sed

248 1752 287 1815 de
311 1752 383 1834 ipso
407 1750 479 1814 loco
503 1746 703 1812 restituendo
729 1743 1026 1829 quomodocumque
1050 1741 1185 1824 iudices,
1213 1726 1299 1804 certe
1324 1762 1397 1806 cor·
1423 1735 1426 1740 ’

249 1857 394 1942 ruptelae
418 1857 510 1941 origo
535 1854 664 1939 qualem
688 1851 862 1917 statuimus
886 1872 924 1914 ex
947 1849 1021 1913 loeo
1045 1848 1195 1933 opposito
1220 1852 1285 1911 tam
1305 1847 1399 1912 lucu-

249 1967 337 2030 lente
365 1963 549 2027 illustratur
577 1981 673 2045 quam
701 1959 770 2042 ipse
799 1957 888 2022 locus
911 1955 1079 2041 oppositus
1108 1976 1145 2018 ex
1168 1953 1220 2019 his
1244 1954 1398 2020 versibus

248 2071 416 2136 truncatis.

338 2178 388 2242 Ac
411 2176 550 2260 primum
575 2174 704 2259 quidem
729 2196 757 2237 v.
777 2173 820 2237 33
843 2171 905 2236 etsi
925 2169 1161 2256 quodammodo
1185 2168 1313 2233 defendi
1337 2192 1398 2254 po-

249 2288 316 2350 test
339 2305 434 2370 quem
458 2281 608 2367 discripsi
631 2284 851 2366 asynartetus:
1117 2281 1125 2295 ‘

293 2399 359 2464 Eas
383 2399 412 2463 si
431 2399 526 2463 adeas
546 2397 669 2462 abitum
691 2398 786 2480 quam
811 2394 935 2461 aditum
959 2395 1053 2460 malis
1077 2394 1124 2459 ita
1142 2396 1254 2459 nostro
1274 2394 1399 2482 drdini,

250 2521 357 2580 tamen
385 2513 462 2579 huic
488 2512 739 2578 conformationi
772 2510 876 2595 quivis
905 2511 1024 2576 sentiet
1055 2510 1195 2575 multum
1226 2515 1400 2595 praestare

250 2622 429 2705 simplicem
458 2620 676 2706 septenarium
703 2619 902 2684 trochaicum
932 2617 982 2706 (ut
1009 2622 1105 2684 antea
1128 2619 1212 2683 inter
1234 2617 1399 2685 baceheos

250 2731 340 2794 extat
363 2727 411 2792 vel
433 2728 542 2811 potins
566 2730 655 2793 certa
679 2727 863 2790 coniectura
892 2721 1271 2810 resalutaturum:
1294 2747 1398 2808 quem

250 2835 480 2919 nanciscimur,
504 2835 532 2899 si
555 2833 650 2898 initio
670 2835 816 2898 voculam
837 2833 981 2918 syllabae
1001 2852 1070 2897 sum
1089 2855 1118 2911 r.
1140 2833 1180 2896 13
1200 2832 1400 2918 absumptae

251 2942 500 3027 respondentem
524 2941 709 3026 supplemus
733 2937 837 3026 (velut
858 2939 941 3026 Pol).

340 3066 412 3132 Non
437 3066 542 3151 magis
566 3066 654 3130 casui
674 3064 863 3150 tribuemusi,
887 3064 971 3150 quod
991 3086 1018 3128 v.
1038 3067 1080 3130 27
1101 3070 1176 3130 ante
1195 3067 1290 3131 finem
1309 3068 1402 3133 clau·

251 3176 346 3260 dicat,
371 3179 408 3239 nt
431 3197 459 3238 v.
480 3174 498 3238 l
523 3177 598 3258 post
619 3173 758 3238 initium.
803 3169 888 3236 Nam
913 3193 985 3237 cum
1008 3173 1109 3237 uerba
1128 3196 1209 3257 quae
1231 3174 1401 3242 versiculo

251 3281 480 3366 comprehendi
501 3282 562 3346 Vis
578 3282 717 3345 uiuimus
735 3301 804 3345 acm
821 3279 946 3345 insidiet
964 3299 1087 3344 memma
1106 3284 1139 3344 et
1160 3280 1401 3348 allitteratione

251 3394 284 3454 et
304 3389 397 3453 metri
412 3387 628 3452 concinnitate
643 3384 697 3473 (cf.
715 3410 741 3451 v.
755 3387 807 3470 35,
826 3385 881 3474 al.)
897 3387 1131 3471 contineantur,
1149 3392 1216 3453 tam
1235 3409 1274 3451 ex
1289 3393 1399 3454 metro

251 3517 348 3580 quam
372 3517 410 3559 ex
434 3494 546 3580 lingua
569 3494 719 3559 laborant
741 3494 840 3558 verba
859 3486 1095 3559 antecedentia:
1260 3479 1267 3494 ’

296 3610 331 3676 Si
350 3610 435 3675 idem
454 3611 538 3675 istuc
557 3632 616 3675 nos
635 3609 803 3693 faciamus,
827 3611 855 3674 si
873 3610 957 3674 idem
977 3611 1150 3694 imitamur,
1174 3611 1221 3675 ita
1240 3614 1351 3675 tamen

253 3727 315 3792 Vbi
340 3725 458 3790 mirum
483 3728 533 3790 est
556 3726 598 3789 ob
621 3726 784 3791 imitamur
806 3726 891 3791 haud
910 3748 1030 3810 pausos
1049 3728 1185 3808 saumas
1202 3727 1398 3807 restituisse,

251 3834 311 3898 etsi
344 3832 568 3898 coniunctivae
600 3833 693 3897 unice
727 3836 823 3916 aptus
856 3838 914 3898 cst.
961 3832 1066 3909 Quare
1103 3855 1175 3897 cum
1207 3831 1399 3899 Camerario

250 3941 408 4004 imitemur
426 3937 555 4003 restitui
574 3960 766 4024 versumque
783 3960 841 4005 aas
859 3939 981 4004 inserto
1001 3939 1086 4003 fulsi.
1125 3943 1170 4005 At
1188 3962 1253 4005 non
1271 3941 1398 4028 dubito,

251 4045 327 4129 quin
352 4046 425 4128 ipsa
445 4045 551 4110 forma
575 4047 754 4112 imitamur
777 4047 950 4131 vestigium
971 4046 1014 4111 sit
1033 4047 1139 4111 mendi
1160 4047 1400 4135 reconditioris,

252 4152 442 4235 praesertim
470 4173 543 4216 cum
571 4152 611 4216 ad
638 4153 700 4216 hoc
729 4153 834 4236 ipsum
861 4152 994 4228 verbum
1024 4155 1105 4218 idem
1129 4153 1235 4219 minus
1259 4155 1400 4239 quadret

252 4280 289 4323 ac
321 4264 500 4342 pronomen
531 4260 567 4324 id
597 4260 703 4344 potius
736 4242 926 4342 requiratur
972 4259 1093 4336 Quodsi
1128 4261 1284 4326 sumimus
1315 4263 1398 4327 olim

252 4367 407 4450 seriptum
434 4365 533 4430 fuisse
563 4368 592 4430 si
622 4367 1000 4461 idemprueuorlumur
1030 4372 1062 4431 et
1089 4388 1225 4449 prucuor
1256 4368 1397 4452 syllabis

252 4473 405 4538 abscissis
429 4472 636 4558 <imi>tumur
663 4474 894 4558 interpolatum
920 4496 1003 4559 esse,
1031 4496 1096 4538 una
1123 4496 1221 4559 opera
1248 4480 1281 4539 et
1307 4475 1397 4544 hunc
1441 4520 1451 4533 ·
