2956 5678
171 324 234 387 170
648 320 833 375 APPENDIX
1176 325 1300 372 sos-sn

257 490 318 539 466.
338 483 379 537 sie
405 498 457 552 ego
483 483 606 552 ‘quietam
630 482 706 536 iibri'
732 483 826 551 Lipsii
849 481 916 536 Ant.
941 481 998 535 ieet.
1020 481 1060 534 II
1078 486 1122 536 13.
1160 482 1204 535 De
1220 481 1300 551 potine

170 568 201 619 ut
220 567 254 631 cf.
274 564 444 619 Schraderus
462 564 495 618 dc
513 574 580 614 -ΝΕ
593 563 694 632 partie.
710 581 739 632 p.
750 567 788 618 32
805 563 847 627 (in
860 561 889 615 B
906 565 939 616 ut
956 566 1020 616 aute
1038 563 1071 616 ut
1089 578 1198 617 aarum
1216 568 1300 616 01400

171 644 214 699 ‘ut
231 645 327 713 oiu'),
349 645 381 699 ae
401 644 513 699 candia
532 660 645 699 scaenae
662 644 695 697 iu
717 659 770 711 quo
788 643 855 696 mire
872 643 1019 697 haeserunt
1035 641 1172 708 Brixiae,
1200 642 1300 711 67090-

168 743 233 792 rus,
260 724 486 793 Sonncnotnyius
508 725 571 779 aide
589 724 750 792 Seyffertum
775 722 951 776 ε6070060)
977 721 1081 793 188112
1103 740 1130 791 p.
1150 726 1188 778 84
1205 723 1300 776 aetna

169 805 333 875 Lanasnum
351 804 430 860 Stoa.
458 804 503 859 Pl.
528 822 558 874 p.
579 807 632 859 150
648 820 687 872 sq.
707 832 740 842 -
765 801 796 857 V.
816 807 958 856 466-478
977 801 1207 872 Sonneuturyias
1227 820 1254 872 p.
1271 807 1299 854 16

168 886 285 940 seclusit.

259 971 319 1020 468.
344 982 404 1020 esse
432 982 494 1019 eam
517 965 591 1019 dices
614 964 678 1018 faxo
702 980 763 1018 cum
790 962 891 1017 Bottia
914 962 944 1016 B
967 963 1124 1031 obloquente
1145 960 1251 1016 Brixia.
1271 991 1296 1001 -

170 1046 212 1100 ita
230 1043 418 1115 integrabitur
435 1045 600 1101 Riobectius
616 1062 644 1114 p.
664 1047 733 1099 538·
751 1043 786 1110 cf.
805 1042 844 1096 ad
861 1059 884 1096 o.
903 1045 962 1097 428
986 1048 1012 1097 ct
1030 1046 1087 1096 478
1096 1057 1134 1111 sq.
1157 1071 1188 1081 —
1210 1040 1238 1094 V.
1254 1047 1295 1095 476

169 1126 237 1180 foris
256 1126 418 1180 Lambinus.

258 1210 319 1259 471.
340 1206 383 1261 De
401 1204 538 1260 Nehercle
561 1204 586 1258 is
609 1204 661 1258 sim
680 1202 729 1273 qui
748 1220 808 1256 sum
833 1204 971 1274 coqitabcst
989 1202 1150 1257 Loenbinus.
1187 1201 1226 1268 Of.
1246 1200 1291 1255 ne

169 1288 257 1341 torius
278 1287 342 1340 Var.
361 1288 417 1342 tect.
438 1286 506 1340 VII
517 1289 564 1340 20.
582 1316 611 1325 -
628 1285 690 1338 Non
710 1282 822 1339 hercule
836 1283 964 1352 Batitas,
981 1282 1131 1339 Berrttciru.
1168 1282 1226 1336 Non
1242 1282 1291 1335 ete·

171 1366 219 1434 pol
238 1366 295 1432 fuit
318 1367 367 1436 qui
389 1367 545 1435 corriyeret:
568 1367 605 1432 as.
628 1382 652 1418 v.
677 1369 725 1420 92.
749 1394 782 1404 -
806 1363 859 1418 nisi
881 1363 1064 1418 Camerarius.
1083 1362 1114 1417 ni
1131 1377 1183 1432 ego
1200 1359 1230 1418 U
1243 1362 1288 1417 coit.

170 1446 271 1500 Bacch.
291 1451 354 1501 505.
396 1446 505 1500 Teneai.
526 1450 588 1501 307.
626 1445 725 1515 Amph.
746 1449 814 1513 673,
833 1445 869 1499 ai.
909 1444 975 1498 Post
999 1441 1028 1496 ni
1047 1446 1114 1512 (uon
1127 1449 1189 1513 post
1204 1442 1288 1506 hercle)

167 1527 276 1580 hiatum
295 1528 416 1582 admittit
437 1527 580 1596 Vesinoius
597 1543 682 1596 nsaw
699 1526 794 1581 meiius
807 1525 913 1579 iudicat
923 1524 1064 1579 Beiowius
1081 1524 1114 1578 cie
1130 1523 1285 1592 01010011.

169 1607 210 1675 Of.
232 1608 311 1676 ‘pirit
332 1607 413 1661 Ann'
436 1606 547 1673 XVII,
566 1624 584 1660 a
604 1610 687 1670 1887,
705 1622 733 1675 ρ.
752 1610 796 1659 45.

255 1692 315 1740 477.
337 1686 494 1741 ‘Incertis
513 1686 633 1741 obserua
652 1687 719 1755 quid
739 1686 813 1740 dabo
836 1686 953 1740 duorum
976 1700 1104 1739 ausuum
1122 1684 1239 1754 reliquiar
1252 1683 1282 1734 ir·

80 1767 83 1772 ’
166 1769 311 1838 oestiqassc
329 1767 431 1834 videor,
448 1767 497 1835 qui
514 1769 582 1822 tates
600 1783 654 1822 csse
668 1770 833 1837 potuerint:

326 1845 426 1914 Meque
444 1846 521 1900 silius
539 1847 635 1916 pulcre
655 1846 740 1901 fcere.
768 1844 961 1914 obserua[t6st
978 1859 1048 1913 opus

325 1925 405 1979 Prius
424 1927 525 1981 itiam:
544 1930 610 1996 post
629 1928 692 1981 huic
712 1925 813 1997 edepol
831 1923 899 1980 mali
918 1922 1042 1995 alquutd
1063 1923 1143 1978 dabo.

168 2007 403 2075 Interpola-torum
421 2008 554 2062 librorum
572 2008 669 2062 turbae
692 2023 753 2062 cnm
771 2007 902 2061 Acidalio
923 2004 1024 2072 sraucii
1040 2004 1118 2070 fuere
1134 2007 1187 2057 tan
1202 2000 1279 2054 non

166 2093 190 2142 et
208 2087 333 2142 Lemana
348 2105 378 2156 p.
398 2088 445 2141 65’
467 2086 504 2140 B.
543 2088 662 2142 obscrua
685 2087 753 2157 quid
776 2088 848 2142 dabo
867 2086 966 2155 optimc
989 2085 1141 2139 vindicarit
1162 2082 1279 2150 tannem

168 2168 278 2223 ‘Retia'
294 2185 325 2236 p.
334 2171 399 2222 21⁷.
437 2167 481 2234 Os.
500 2168 537 2222 aei
555 2184 579 2222 o.
591 2172 656 2223 466.
669 2199 701 2208 -
712 2169 757 2223 De
775 2165 930 2238 sperauerit
948 2183 971 2220 o.
991 2170 1045 2218 475
1065 2165 1099 2231 cs.
1119 2163 1243 2219 &arrius
1255 2159 1279 2213 a

165 2249 235 2316 perf.
254 2249 324 2302 coni.
344 2248 383 2302 ed.
404 2248 555 2319 Morbnrqi
574 2266 600 2301 a.
620 2252 695 2302 1886
711 2265 740 2317 p.
756 2253 793 2302 18
812 2253 836 2303 et
855 2246 1046 2312 Wirtsseiciius
1064 2246 1098 2299 ac
1115 2259 1205 2299 0000.
1219 2246 1277 2308 unp.

167 2328 210 2384 Pi.
230 2335 254 2383 et
277 2328 335 2385 Ter.
354 2329 394 2382 cci.
415 2327 555 2398 Sicyonia.
575 2348 600 2384 a.
621 2334 696 2385 1888
710 2348 741 2399 p.
762 2335 808 2384 21.

256 2413 317 2462 476.
338 2406 410 2461 ‘tum
438 2408 544 2477 apstuli
572 2413 612 2465 oei
639 2411 707 2466 item
733 2408 838 2479 apstuli
859 2409 975 2476 sentiat,
998 2409 1049 2477 qui
1071 2407 1172 2460 hiatum
1191 2402 1277 2457 uem

167 2490 247 2543 notet.
271 2489 354 2554 atque
373 2488 478 2541 abstuli
497 2489 689 2546 Fleckeisenus
705 2490 813 2546 snadct’
830 2487 867 2543 Ἠ.
887 2487 913 2542 ei
931 2489 973 2542 oei
990 2487 1057 2542 inde
1075 2484 1175 2540 abstuli
1191 2481 1276 2538 naue·

167 2586 215 2623 rus
229 2569 306 2622 Pras.
323 2585 352 2636 p.
368 2571 429 2622 687.
467 2569 540 2624 hanc
559 2570 663 2639 apstuli
679 2571 799 2639 (Pellam
813 2567 924 2638 quoius)
945 2568 1108 2637 Waancrus.
1126 2564 1211 2620 Possr'i
1223 2577 1277 2615 uor-

167 2653 282 2716 tumque
310 2648 428 2702 accubui
455 2649 514 2704 caii.
542 2667 566 2703 o.
586 2655 655 2705 1141
667 2668 704 2720 sq.
735 2651 855 2705 Getarum
877 2649 1048 2704 traiectionis
1074 2650 1106 2702 iu
1122 2638 1279 2714 aroana?

167 2745 251 2783 causo
270 2742 359 2781 enom
378 2733 402 2781 ct
420 2742 534 2783 essum
552 2733 637 2785 initia
655 2732 741 2797 tuisse
758 2731 893 2784 01600ον.

254 2814 355 2876 47880.
377 2808 446 2861 ΡΕΝ.
468 2808 561 2878 [Satin
580 2829 654 2865 nunc
673 2810 798 2879 loquitur
816 2809 850 2863 de
873 2826 918 2864 me
944 2812 973 2863 ei
992 2809 1026 2863 de
1045 2809 1122 2878 parti
1139 2802 1223 2874 meat]
1237 2801 1276 2855 Ns

168 2892 253 2956 queo,
279 2905 351 2956 quae
375 2888 510 2956 loquitur,
540 2891 680 2946 exaudire.
718 2892 796 2944 Meu.
817 2889 978 2945 Clanculum
1000 2888 1038 2956 Ἠ,
1064 2887 1142 2943 Satin
1154 2902 1202 2957 pro
1217 2883 1278 2937 8064

167 2987 227 3022 cnm
242 2969 342 3022 Bottia
361 2970 481 3024 scribens
499 2976 523 3025 ct
542 2973 658 3027 addens:
679 2973 729 3027 ‘sie
747 2972 818 3026 iuter
836 2987 863 3025 se
880 2971 1050 3037 transposui,
1066 2970 1181 3039 priorem
1197 2964 1278 3035 auida

168 3050 246 3102 cericis
264 3049 408 3116 inclusum,
428 3054 459 3103 ut
477 3053 526 3119 qui
539 3053 574 3107 ab
589 3052 616 3105 A
631 3053 709 3108 absit.
747 3051 803 3121 Qui
816 3051 841 3105 si
855 3049 1008 3104 Plautinus
1026 3054 1073 3116 est,
1091 3050 1199 3116 sonasse
1213 3045 1279 3097 16141

165 3128 261 3181 iiabuit
289 3132 352 3180 ante
379 3145 401 3181 o.
430 3133 488 3184 486
511 3133 614 3200 potius.
667 3132 814 3202 Vriiqatum
842 3130 964 3183 ordinem
991 3144 1105 3184 servans
1136 3124 1279 3190 Lumina

166 3224 196 3276 p.
216 3213 274 3262 296
292 3209 400 3276 aliquid
418 3210 587 3266 intercidisse
605 3214 678 3266 iuter
695 3230 719 3267 o.
739 3215 793 3264 479
812 3215 836 3263 ct
854 3212 909 3263 478
923 3209 1059 3277 putabat,
1082 3208 1122 3261 sic
1139 3209 1219 3259 0000
1233 3216 1278 3254 con·

165 3290 238 3341 strui
251 3289 399 3344 Acidaliae
417 3291 534 3345 aoicbat:
553 3290 669 3360 Nequeo
687 3309 760 3360 quae
780 3291 905 3357 loquitur
923 3288 1063 3343 exaudire.
1084 3284 1228 3340 clanculum
1243 3279 1278 3332 So-

166 3370 210 3421 tur
229 3384 302 3421 nunc
321 3369 445 3436 loquitur
463 3387 483 3423 e.
498 3389 522 3439 q.
538 3387 559 3425 e.
599 3371 675 3441 Quae
693 3374 724 3425 in
742 3371 770 3424 Β
788 3371 893 3438 scripta
911 3374 976 3423 suut
995 3384 1083 3436 supra
1101 3381 1215 3430 versun,
1237 3376 1280 3414 rut·

165 3466 225 3503 sum
243 3465 276 3502 ea
294 3449 380 3503 eicieta
398 3467 483 3503 manu
500 3454 679 3519 prosteriora,
697 3469 755 3507 nou
773 3449 907 3521 expedio)
947 3447 1016 3502 Cum
1035 3447 1164 3502 Acidalio
1180 3440 1283 3499 aurat

172 3529 315 3598 Vssinqius
332 3530 430 3583 vitium
450 3534 540 3584 tame-n
558 3534 645 3588 inesse
662 3539 779 3603 putans,
804 3547 864 3585 cuns
883 3530 935 3583 aiii
953 3529 994 3582 oct
1012 3526 1137 3596 loquitur
1154 3519 1283 3578 clanculum

165 3610 364 3663 constructione
387 3611 596 3681 coniunxerint,
618 3614 739 3668 Brixiae
764 3608 941 3666 ‘clanculum’
967 3608 1126 3676 sianificare
1150 3623 1182 3659 ex
1204 3601 1285 3659 00010

164 3690 315 3757 surnpnrit.
353 3688 393 3741 At
411 3690 445 3754 cf.
463 3689 545 3743 Asin.
561 3697 616 3746 881
637 3693 804 3760 (cloacinam
823 3689 938 3745 exaudit
955 3689 1005 3756 qui
1022 3703 1080 3741 non
1098 3686 1239 3741 060000
1252 3697 1285 3735 ot·

164 3770 302 3823 aiaiicndo
321 3769 376 3822 siae
394 3770 456 3822 visu
473 3771 528 3823 siae
545 3774 639 3827 sonito
657 3775 713 3827 sios
731 3772 846 3839 taiatu).
867 3799 900 3808 -
922 3768 1042 3822 Saturne
1065 3766 1188 3834 loquitur
1205 3763 1285 3831 Kaun-

166 3865 215 3901 rus
233 3865 301 3902 cens.
322 3867 352 3917 p.
372 3853 435 3902 418.
473 3851 580 3904 Furtim
605 3869 677 3906 nunc
702 3851 826 3919 loquitur
851 3855 875 3903 ct
897 3863 961 3902 mox
984 3847 1074 3915 deque
1094 3845 1148 3900 arti
1166 3859 1223 3898 mes
1238 3841 1288 3895 alin

171 3927 306 3980 Varenus
330 3929 406 3982 Mas.
432 3928 518 3983 litere.
543 3929 625 3984 XVI
643 3949 674 4000 p.
694 3936 750 3986 632
777 3930 831 3984 arti
853 3945 933 3984 scinu
959 3943 1067 3981 caseum
1090 3942 1123 3979 ex
1141 3929 1154 3978 1
1174 3920 1290 3987 inlaesa}

164 4007 232 4058 roiate
251 4006 315 4060 tecto
330 4009 460 4076 ponsque
479 4016 595 4064 correcto
616 4011 771 4065 ‘lucratus’.
810 4012 874 4065 Iam
888 4009 948 4063 sinc
966 4009 1076 4062 ratione
1095 4022 1200 4060 oneum
1216 4003 1290 4068 discn-

163 4086 204 4137 ‹tit
237 4089 396 4142 assentiente
428 4088 531 4143 Baicro
554 4107 583 4159 p.
606 4095 659 4144 127
677 4093 752 4157 adn„
783 4093 816 4146 de
843 4107 896 4159 quo
924 4090 989 4142 inm
1021 4087 1133 4142 errabat
1164 4083 1292 4151 Tarnaias

164 4165 253 4219 ‘Stoa
272 4168 332 4221 aeia
351 4167 443 4221 Clean'
469 4187 499 4237 p.
525 4173 583 4224 267
614 4171 752 4240 suasisque
774 4172 855 4226 etiam
879 4169 1000 4222 Brixiae
1019 4173 1084 4236 post
1107 4183 1133 4220 o.
1161 4169 1214 4220 468
1236 4161 1291 4217 trai-

162 4247 247 4311 ciens,
271 4248 319 4301 ubi
338 4265 454 4315 prorsus
482 4250 589 4316 turbat,
613 4267 709 4304 errans
737 4252 769 4304 dc
795 4251 821 4304 A
846 4249 963 4317 mireque
992 4246 1028 4301 de
1056 4262 1120 4300 meo
1147 4257 1294 4316 proemiu-

163 4326 244 4380 Becte
270 4328 433 4383 iudicarunt
460 4329 685 4400 Sonncnburqius
707 4349 736 4400 p.
767 4336 802 4384 16
830 4331 895 4384 aeine
923 4333 949 4382 at
978 4328 1130 4396 Lanaeuus
1159 4327 1234 4381 Sine.
1259 4321 1294 4376 Pi.

158 4422 189 4474 p.
209 4410 271 4461 301.
