2956 5678
169 334 235 399 200
608 332 870 390 EPILEGOMENA

170 498 221 562 his
260 498 366 563 verbis
405 498 536 562 additis:
581 495 811 563 ‘Adiunximus
847 498 1000 563 Plautina
1041 500 1112 563 loca
1154 520 1193 562 ex
1235 498 1318 563 anti·

170 605 244 690 quis
272 603 500 671 Grammaticis
533 630 552 669 a
581 605 720 690 Georgio
749 604 897 671 Fabricio
930 608 1079 688 collecta,
1106 608 1141 671 et
1169 627 1190 671 a
1217 604 1317 671 Petro

174 709 307 776 Daniele
329 711 461 777 Aurelio
486 712 673 777 doctissimo
696 713 765 777 viro
790 712 982 797 quibusdam
1007 714 1041 777 in
1066 712 1146 778 locis
1170 716 1316 777 correcta

169 822 203 882 et
230 817 349 883 aucta’.
396 819 584 884 caninum
614 819 749 904 denique
778 824 906 885 secutus
935 823 986 884 est
1012 818 1256 885 Trvnursvvs
1281 818 1316 883 in

170 926 274 1007 prima
297 925 447 1009 editione,
470 947 551 1009 quae
575 927 697 1009 prodiit
715 948 803 991 auno
830 927 924 991 1605.

258 1033 332 1112 §9-
378 1032 491 1098 Denuo
525 1034 609 1097 circa
641 1033 748 1097 Plauti
781 1033 964 1119 fragmenta
979 1033 1143 1098 ‘studium
1174 1033 1317 1117 flagrare

169 1144 321 1222 coeperat
344 1144 475 1205 auctore
499 1139 649 1205 losnrno
665 1138 872 1222 Scanrcaao,
892 1140 1030 1224 quinon
1055 1139 1150 1204 modo
1169 1162 1228 1225 per
1248 1138 1317 1225 epi-

169 1247 286 1310 stulam
311 1268 330 1309 a
353 1246 574 1311 chesrarvrvo
597 1269 715 1311 novam
739 1247 962 1312 collectionem
986 1246 1254 1331 expostulaverat
1272 1282 1314 1293 -

169 1357 206 1416 ut
224 1351 464 1418 Tavamsrvrvvs
488 1354 521 1417 in
545 1354 745 1438 praefatione
769 1355 968 1419 collectionis
991 1374 1095 1418 novae
1119 1374 1204 1418 anno
1228 1352 1316 1419 1612

169 1459 306 1524 emissae
328 1464 468 1523 testatur
487 1496 542 1544 -,
566 1460 621 1524 sed
645 1461 715 1544 ipse
739 1461 825 1525 haud
846 1483 950 1545 pauca
969 1461 1109 1545 margini
1127 1459 1317 1546 adscripsit,

169 1565 285 1649 quibus
315 1572 429 1650 postea
457 1566 705 1632 Tavermrvrvvu
737 1591 830 1632 usum
863 1590 934 1633 esse
967 1568 1062 1633 facile
1095 1567 1315 1632 demonstrari

165 1677 283 1758 potest,
302 1695 374 1738 cum
399 1674 624 1740 adnotationes
652 1674 845 1759 marginales
866 1673 1055 1740 Scameum
1078 1672 1167 1739 hand
1191 1696 1315 1757 paucae

163 1780 348 1845 etiamnunc
373 1786 484 1857 extent
506 1780 560 1855 (cf.
580 1781 812 1846 Itrvscrrnnrvs
837 1782 936 1864 praet'.
958 1780 1057 1845 Pers.²
1080 1804 1110 1865 p.
1124 1778 1233 1866 XVI).
1265 1780 1316 1845 De

165 1910 223 1951 sua
247 1891 356 1952 autern
380 1910 478 1971 opera
501 1878 581 1952 11999
605 1874 719 1952 scribit
743 1887 986 1954 Tlvauarvrvvs
1010 1884 1060 1975 (in
1084 1887 1161 1952 edit.
1180 1912 1210 1953 a.
1227 1888 1314 1954 1612

161 1990 325 2081 p.1234):
349 1993 447 2059 ‘Aliis
471 2043 479 2058 .
503 2045 509 2057 .
534 2045 541 2058 .
565 1995 801 2077 cunctantibus,
825 1999 882 2058 aut
911 2016 1043 2077 prorsus
1066 1992 1152 2059 19119
1173 1995 1314 2060 nolenti·

164 2101 238 2182 bus,
262 2121 321 2185 ego
347 2101 588 2184 hauc‚operam
619 2122 744 2164 sumere
776 2104 908 2165 coactus
940 2100 1001 2164 fui:
1030 2099 1115 2185 quod
1145 2100 1180 2166 in
1211 2101 1315 2185 priori

162 2198 301 2271 editione
326 2231 345 2271 a
369 2230 419 2271 me
445 2207 513 2271 tieri
538 2207 695 2290 debuisse,
719 2229 776 2290 per
799 2208 972 2291 epistolam
992 2204 1137 2291 Scaliger
1159 2210 1313 2291 expostu-

160 2314 291 2379 laverat.
312 2312 456 2399 Cumque
472 2315 512 2378 ad
526 2315 621 2378 finem
639 2317 801 2397 spectaret
814 2314 1049 2399 typographus,
1059 2310 1151 2399 (nam
1160 2312 1315 2379 Trinum-

163 2443 234 2485 mus
258 2421 321 2485 iam
346 2420 555 2506 procedebat)
579 2420 700 2485 relictis
725 2421 875 2485 omnibus
900 2421 1005 2504 rebus,
1024 2420 1165 2486 dieculas
1184 2419 1314 2505 aliquot

163 2527 238 2592 huic
263 2549 356 2591 curae
381 2528 533 2613 impendi,
551 2534 584 2590 ot
607 2549 706 2609 opera
725 2527 945 2610 tumultuaria,
964 2527 1048 2610 quod
1068 2525 1219 2609 exhibeo,
1236 2548 1315 2592 con·

162 2631 316 2699 cinnavi'.
363 2632 509 2699 Correxit
540 2635 639 2717 igitur
667 2633 906 2699 Taveusuuvs
935 2635 1062 2717 aliquot
1090 2655 1216 2698 errores
1244 2631 1315 2699 FA-

163 2760 283 2825 surcu,
315 2742 434 2806 adiecit
466 2742 554 2806 locos
586 2763 652 2804 non
686 2742 732 2804 ita
765 2763 899 2824 paucos,
932 2741 966 2805 in
998 2739 1050 2804 his
1078 2737 1314 2805 ‘clitellarius’

161 2848 359 2929 fragmenta,
387 2870 450 2932 quc
480 2848 609 2912 nomine
639 2848 846 2912 Astrabam
874 2847 936 2912 dici
972 2848 1122 2931 opinatus
1151 2850 1206 2912 est
1236 2868 1314 2912 cum

162 2953 363 3020 Scaurccreo
394 2952 552 3041 (Coniect.
585 2954 720 3021 Varrou.
751 2977 780 3037 p.
803 2955 866 3019 142
897 2954 944 3018 ed.
976 2952 1115 3020 Varron.
1144 2976 1173 3017 a.
1199 2951 1315 3041 1513),

163 3061 426 3126 adnotationibus
455 3062 539 3126 haud
569 3085 672 3146 pauca
700 3062 885 3145 fragmenta
912 3060 1091 3135 illustravit
1118 3064 1150 3124 et
1181 3060 1313 3125 mendis

161 3168 325 3249 liberavit,
354 3189 430 3232 usus
457 3167 643 3233 8011191111
671 3168 809 3232 inventis
839 3167 941 3232 multo
971 3168 1100 3250 saepius
1132 3188 1233 3251 quam
1265 3166 1314 3232 di-

163 3276 257 3339 sertis
292 3276 396 3340 verbis
430 3281 548 3340 monet.
595 3273 744 3339 (letarum
769 3274 1000 3339 tumultuariae
1027 3294 1143 3358 operae
1168 3275 1314 3361 vestigia

163 3383 294 3446 minime
319 3382 442 3445 desunt.

251 3490 499 3553 'luvuinsuvu
519 3489 637 3573 excipit
658 3488 803 3571 Puunvs,
822 3490 876 3573 qui
896 3511 968 3553 oum
987 3488 1021 3552 in
1041 3486 1182 3551 editione
1201 3486 1314 3572 prima

164 3595 255 3681 (anni
277 3596 377 3682 1610)
399 3595 607 3661 Danielina
629 3596 813 3681 fragmenta
836 3595 1023 3679 recepisset,
1046 3614 1121 3658 mox
1143 3594 1217 3677 ipse
1241 3616 1314 3661 rem

163 3725 339 3788 aggressus
363 3709 420 3768 est.
467 3702 686 3786 Reprehendit
709 3703 900 3786 quicumque
924 3706 999 3766 ante
1023 3722 1095 3765 eum
1122 3699 1314 3787 fragmenta

162 3813 395 3874 tractaverant:
420 3815 476 3872 aut
500 3809 584 3872 enim
605 3808 720 3871 Plauto
739 3808 892 3871 tribuisse
911 3828 994 3892 quae
1015 3807 1083 3870 eius
1102 3828 1169 3872 non
1188 3813 1312 3893 essent,

162 3920 218 3978 aut
246 3916 330 3979 inter
358 3916 540 4000 fragmenta
571 3914 720 3979 attulisse
748 3936 871 3996 versus,
901 3915 955 3997 qui
982 3914 1015 3977 in
1046 3913 1168 3978 sabulis
1197 3936 1313 3999 super·

162 4021 426 4086 stitibus.locum
456 4022 627 4104 heberent,
655 4027 712 4086 aut
739 4022 875 4106 denique
904 4019 1027 4085 mendis
1059 4019 1172 4085 multis
1200 4025 1314 4087 conta·

162 4127 284 4191 minata
307 4129 501 4211 protrusisse
526 4125 776 4212 ἆποσπάσματα.
824 4127 886 4192 Sed
917 4128 1002 4211 quod
1029 4127 1102 4192 aliis
1130 4128 1313 4211 opprobrio
1344 4172 1349 4179 ·

162 4236 270 4318 vertit,
299 4258 338 4298 ue
366 4236 435 4319 ipse
464 4236 592 4319 quidem
620 4237 719 4320 fugit,
749 4234 811 4298 etsi
842 4234 928 4298 haud
959 4256 1062 4317 pauca
1092 4234 1121 4298 ei
1151 4256 1313 4322 prospere

163 4347 334 4405 cesserunt.
380 4342 475 4407 Certe
505 4343 645 4425 iniquius
680 4347 729 4404 est
757 4339 835 4404 11111
865 4339 1022 4403 (11111111
1055 4338 1229 4427 iudicium,
1257 4342 1314 4428 qui

161 4446 260 4510 solita
284 4449 458 4512 acerbitate
482 4450 516 4512 in
537 4448 684 4513 Pacuvii
708 4448 899 4512 9111191621
926 4447 1071 4511 invectus
1091 4451 1156 4511 est:
1181 4470 1260 4514 eum
1278 4450 1313 4515 in
