2956 5678
1150 202 1155 221 Ι

1237 384 1293 442 Ι

735 445 741 455 ι

604 471 611 484 0

659 865 864 922 rsnnrr‘no
1007 825 1010 831 ⁴
1290 872 1329 925 xi

183 1045 280 1109 quem
310 1024 375 1090 etsi
403 1025 438 1089 in
467 1027 591 1091 multis·
607 1029 703 1093 facile
727 1030 823 1095 hodie
847 1029 988 1095 refutare
1011 1053 1198 1117 possumus,
1226 1038 1337 1099 tamen

182 1130 367 1216 laudamus,
390 1132 477 1216 quod
502 1137 536 1197 et
558 1135 623 1198 alia
644 1132 810 1221 perspexit
828 1142 861 1201 et
880 1137 966 1202 duas·
979 1159 1133 1221 personas
1152 1161 1190 1203 ex
1210 1143 1334 1206 scaenis

185 1236 366 1322 deperdih's
389 1241 606 1326 recuperavit:
630 1240 737 1306 Patris
756 1243 991 1316 Alcesimarcbi
1010 1247 1043 1308 et
1061 1243 1161 1329 Servi,
1184 1247 1234 1311 cui
1254 1245 1335 1331 Syro

182 1367 304 1429 nomen
332 1368 405 1411 esse
432 1347 572 1413 coniecit
599 1347 653 1431 (cf.
675 1372 706 1432 p.
729 1348 809 1412 XIII
825 1347 896 1435 sq).
942 1349 1032 1414 Nihil
1060 1341 1136 1434 post
1163 1373 1236 1417 cum
1264 1375 1335 1437 prc-

181 1451 335 1533 fecerunt
353 1452 529 1519 Benoistus
554 1458 587 1518 et
605 1453 797 1540 Vssingius:
823 1456 877 1540 qui
900 1456 985 1520 inter
1008 1457 1072 1521 alia
1090 1460 1225 1542 negavit
1243 1460 1334 1523 intel·

180 1560 250 1645 legi
283 1581 381 1644 posse
413 1559 508 1646 ‘qnae
540 1561 637 1626 huius
670 1562 755 1627 servi
783 1567 895 1647 partes
923 1564 956 1628 in
985 1569 1175 1648 argumento
1204 1565 1333 1630 fabulae

179 1688 254 1731 case
292 1665 464 1752 possent':
501 1669 557 1734 sed
593 1669 735 1753 plurima
772 1671 890 1733 rectius
926 1653 1108 1754 certiusque
1139 1672 1260 1756 partim
1295 1696 1333 1737 ex

178 1765 405 1840 Ambrosiano
432 1775 553 1859 partim
582 1796 620 1839 ex
648 1775 843 1861 fragmentis
874 1777 954 1841 scite
982 1776 1117 1862 digestis
1146 1780 1357 1870 explanavit
1446 1838 1459 1860 ,

181 1877 430 1947 Studemnndus
453 1904 525 1947 cum
547 1903 649 1967 coque
669 1879 856 1966 Seyffertus.
898 1876 1041 1959 Quorum
1062 1886 1240 1950 sententias
1259 1908 1331 1950 cum

180 1987 325 2052 breviter
355 1989 614 2054 adumbraverim
644 1990 678 2053 in
708 1989 974 2077 adnotationibus
1003 1991 1143 2075 itemque
1173 1992 1333 2076 significa·

180 2093 304 2179 verim,
329 2096 386 2161 nbi
414 2096 596 2181 paullulum
624 2094 818 2160 dissentiam
842 2097 883 2160 ab
906 2093 1026 2184 illis*),
1049 2098 1150 2162 nolim
1174 2098 1330 2165 hocloco

178 2200 286 2266 fusius
306 2200 345 2266 de
363 2203 426 2268 hac
444 2226 478 2269 re
499 2202 655 2299 disserere
675 2225 780 2288 neque
800 2203 957 2268 eiusmodi
973 2204 1173 2287 suspiciones
1187 2207 1332 2290 tangam,-

179 2329 265 2392 quas
287 2309 394 2375 iacere
416 2305 552 2394 possim,
575 2310 721 2374 stabilire
744 2332 809 2375 non
834 2311 965 2395 possim.

269 2423 333 2490 Sed
365 2425 478 2511 paucis
510 2426 739 2509 disputandum
772 2431 824 2492 est
854 2426 897 2491 de
926 2429 1106 2511 personis
1135 2429 1329 2514 comoediae,

177 2554 252 2597 cum
281 2533 325 2596 ad
354 2531 448 2616 duas,
476 2554 556 2617 quas
584 2532 649 2597 iam
672 2531 878 2618 Ladewigius
907 2534 1044 2614 addidit,
1071 2537 1171 2599 tertia
1198 2537 1329 2602 accedat
1389 2573 1393 2580 ·

177 2641 322 2724 itemque
347 2639 480 2705 alterius
499 2639 607 2704 Lenae
629 2661 746 2704 nomen
769 2661 872 2723 neque
893 2640 927 2704 in
947 2642 1019 2725 ipsa
1038 2642 1150 2707 sabula
1173 2665 1276 2727 neque
1295 2644 1329 2708 in
1384 2715 1392 2731 ·
1416 2676 1421 2685 ·

177 2769 371 2813 scaenarum
386 2746 655 2830 inscriptionibus
670 2749 866 2830 compareat.
905 2746 1027 2811 Contra
1042 2748 1326 2814 Pinnosrmms

176 2878 298 2920 nomen
327 2877 385 2940 per
414 2854 640 2938 inscriptiones
670 2854 784 2917 saltem
816 2858 979 2918 servatum
1004 2859 1066 2919 est:
1097 2857 1183 2939 quod
1208 2857 1284 2921 olim
1309 2880 1328 2920 a

176 2962 402 3047 Lampadione
431 2966 621 3045 usurpatum
650 2960 750 3023 fuisse
779 2960 812 3023 in
838 2983 876 3024 ea
900 2983 1030 3044 scaena,
1059 2962 1148 3026 euius
1172 2964 1325 3047 reliquias

175 3092 205 3133 v.
234 3070 423 3134 381-432
457 3068 711 3151 composuimus,
741 3066 924 3151 probabilis
958 3071 1008 3131 est
1037 3066 1185 3150 Seyfferti
1215 3070 1326 3155 opinio

175 3178 225 3256 (in
245 3175 397 3241 Studem.
421 3174 511 3240 Stud.
529 3172 564 3238 II
587 3197 617 3257 p.
636 3175 701 3238 433
717 3170 812 3257 adn).
850 3172 958 3257 Ipsius
982 3196 1057 3237 vero
1083 3174 1323 3242 Lnnffnnloms

175 3303 298 3347 nomen
317 3282 551 3352 demInutivum
564 3316 603 3325 —
617 3302 681 3344 non
702 3281 795 3344 aliter
815 3285 1006 3365 usurpatum
1027 3304 1063 3346 uc
1079 3282 1116 3346 de
1132 3283 1324 3368 Olympione

176 3412 253 3453 sene
286 3390 320 3453 in
349 3387 468 3453 Casius
495 3410 522 3451 r.
548 3388 611 3452 739
636 3374 676 3432 ’-
702 3409 739 3450 ex
763 3410 790 3452 v.
815 3389 881 3452 544
915 3389 998 3452 male
1032 3389 1066 3452 in
1098 3390 1324 3472 inscriptiones

176 3495 325 3560 codicum
354 3496 595 3576 editionumque
624 3493 819 3557 translatum
848 3517 932 3576 esse,
962 3496 1015 3560 diu
1043 3499 1093 3559 est
1118 3517 1156 3559 ex
1180 3518 1243 3579 quo
1268 3496 1323 3560 ho-

176 3604 281 3666 mines
305 3601 391 3666 docti
415 3596 713 3685 perspexeruntffl‘).
749 3599 862 3684 Neque
886 3602 924 3664 ‹le
944 3602 1168 3667 Dnnffflorns
1193 3604 1323 3666 nomine

157 3715 228 3774 ‘est
257 3709 343 3793 quod
372 3711 447 3791 post
471 3705 691 3779 Camerarium
721 3704 944 3794 aliosqueffl)
976 3707 1088 3772 dicam.
1134 3709 1218 3773 Item
1242 3711 1323 3774 satis

174 3818 267 3880 clara
296 3819 370 3878 sunt
394 3814 657 3878 Ancnslnrnncni
686 3811 902 3877 adulescentis
932 3818 964 3877 et
992 3816 1163 3880 mulierum
1191 3817 1324 3882 nomina

174 3918 673 4005 Menismorse),r1m1scm,
699 3917 949 4005 Grnunsnffl,
974 3920 1127 3987 Snnnnn:
1152 3924 1214 3986 nisi
1238 3924 1322 4008 quod

265 4116 290 4184 ⁸)
308 4113 395 4168 Velut
413 4112 448 4167 ad
467 4131 492 4166 v.
505 4118 557 4166 867
571 4128 630 4180 sqq.
650 4113 679 4164 et
697 4115 749 4163 434
765 4114 875 4180 sqq..et
894 4112 921 4165 iu
942 4115 1063 4183 append.
1084 4115 1144 4168 crit.
1164 4114 1199 4168 ad
1218 4131 1242 4167 v.
1260 4119 1320 4181 305,

168 4203 289 4263 aeosq,
307 4199 367 4250 arc.

246 4277 290 4345 **)
308 4275 348 4329 ef.
371 4274 542 4329 Ritschclius
565 4272 665 4339 Opusc.
689 4271 787 4340 philol.
811 4271 850 4323 III
873 4291 899 4342 p.
921 4278 973 4327 340
997 4273 1042 4340 (cf.
1066 4292 1092 4341 p.
1113 4274 1190 4339 318),
1220 4273 1321 4329 Stude-

167 4357 296 4412 mundns
323 4353 439 4409 Emend.
458 4353 500 4407 Pl.
520 4352 568 4409 ed:
583 4370 608 4407 a.
631 4358 695 4406 1871
717 4371 743 4422 p.
764 4359 779 4404 9
799 4353 876 4420 adn,
901 4353 1015 4407 Beierus
1035 4354 1069 4404 de
1088 4352 1128 4404 Pl.
1148 4350 1203 4408 lab.
1223 4371 1277 4409 rec.
1293 4357 1320 4409 Α

167 4448 198 4492 et
218 4437 249 4490 P
288 4440 360 4491 ,108
389 4434 425 4489 al.

110 4544 119 4561 ·
226 4454 286 4584 *gt
305 4515 346 4569 CI.
363 4478 543 4568 'Camerarius
567 4514 594 4566 in
617 4513 687 4569 Anu.
707 4531 734 4581 p.
750 4518 814 4567 330:
840 4513 995 4583 ‘Demipho
1015 4514 1057 4565 cst
1076 4513 1227 4582 δημοφῶν,
1247 4515 1321 4569 sicut

167 4595 304 4666 c'rrrrqnda
320 4596 448 4664 ξενοφῶν
465 4594 565 4662 ἰοφῶν.
595 4593 672 4658 Quae
688 4593 782 4646 omnia
796 4595 901 4647 habent
916 4591 1148 4661 significationem
1160 4594 1319 4662 φανότητος

165 4680 196 4732 id
213 4679 254 4732 ist
274 4676 439 4744 splendoris,
458 4679 490 4729 ut
511 4673 706 4728 Grammaticis
727 4674 846 4742 placct'.
876 4674 970 4741 Itaque
994 4672 1067 4728 hunc
1091 4679 1202 4743 praeter
1222 4673 1317 4727 Fleck-

164 4760 299 4815 eisennm
327 4755 487 4827 praedicare
519 4753 641 4809 debebat
668 4753 838 4808 Ritschelius
868 4756 967 4822 Opusc.
990 4753 1087 4822 philol.
1109 4753 1132 4806 Il
1153 4772 1178 4821 p.
1195 4758 1259 4821 488,
1280 4753 1317 4806 ΙΙΙ

162 4859 192 4909 p.
217 4844 327 4904 coasq.
780 4872 787 4884 .

262 4921 291 4984 †)
312 4916 351 4970 cf.
372 4936 399 4986 p.
419 4915 483 4970 XIV
502 4916 565 4969 adn.

244 5000 291 5063 ’,Ἢ
311 4997 352 5058 Cf.
372 4996 490 5067 append.
510 4995 572 5050 crit.
593 4994 628 5049 ad
648 5015 673 5050 v.
697 5003 708 5047 1
726 5018 765 5061 sq.
