2956 5678
160 326 224 389 194
638 325 825 382 APPENDIX
1170 336 1309 386 sor-err

160 486 207 540 Pr.
226 486 266 540 erl.
286 504 312 540 a.
333 490 405 541 1883
425 505 455 555 p.
474 491 511 540 10
519 503 574 557 sqq.
600 488 734 542 intellecta
759 485 892 540 Tithono:
915 492 944 541 al
967 487 1003 554 cf,
1024 494 1091 556 pasl
1109 489 1306 561 Kiesslinpiun

157 566 243 619 Anal.
263 566 307 619 Pl.
327 565 368 618 II
382 584 411 635 p.
428 566 480 619 IX
489 582 527 634 sq.
548 566 749 636 Ostermeperas
762 583 792 634 p.
812 570 897 634 12sq.
917 571 942 619 el
960 564 1112 636 Seyfferlus
1133 569 1304 628 ‘Jalrresbra'

158 661 184 697 a.
203 644 306 716 188375
319 663 350 716 p.
370 651 405 700 94
415 662 454 716 sq.
492 646 590 715 Cygno
614 645 663 713 qui
690 645 766 698 cluel
785 645 940 699 Palmerius
955 662 985 714 p.
1005 638 1061 701 716
1085 654 1110 701 66
1131 649 1304 718 Oalerrracf.

157 723 295 780 Luclrsius
306 727 323 781 l.
336 742 357 779 s.
372 742 393 782 s.
400 743 431 796 p.
447 731 489 780 51.
506 726 553 794 qui
569 725 646 779 lueet
655 723 731 792 Cyna
742 724 838 779 Mosco
852 741 866 780 e
879 730 928 779 sei.
944 725 1001 781 rod.
1016 727 1171 797 adscripsit
1180 730 1304 801 Saaliper,

157 806 215 871 ipse
234 804 311 859 oluel
329 811 355 860 et
373 806 455 875 Gyge
473 807 619 876 cor-ripens.
658 803 763 858 (lucino
782 807 950 874 prognatum
971 809 1052 874 patre
1076 807 1242 878 Waprurus.

247 891 299 939 868
309 902 363 955 sqq.
382 885 448 939 huic
469 883 529 938 seni
543 888 552 954 [Ι
566 884 719 951 Exossabo,
741 885 805 938 dein
825 883 965 940 dedolabo
986 885 1166 943 Camerarius
1184 896 1218 955 el,
1235 891 1299 945 hunc

158 979 253 1017 senem
272 980 411 1030 resecans,
430 965 591 1019 larnbinus.
617 966 691 1018 huna
712 980 806 1019 senem
821 967 830 1034 l
845 964 944 1019 Ossum
967 966 1016 1019 fini
1040 967 1183 1024 dedolabo
1205 971 1298 1026 Grono

157 1043 228 1106 rius,
246 1045 292 1096 aui
305 1044 339 1098 ae
352 1045 517 1098 anacolutlra
531 1046 720 1098 assentiuntur
733 1043 895 1099 Selrwabius
904 1063 935 1114 p.
951 1049 1006 1099 414
1013 1063 1065 1116 sa,
1081 1047 1237 1115 Reblinius,
1253 1052 1298 1105 alii

158 1122 205 1189 (cf,
224 1122 261 1174 ad
279 1138 304 1175 o.
323 1127 377 1177 175
396 1129 420 1177 66
439 1122 535 1177 Pseud.
554 1127 626 1190 216,
649 1123 698 1176 ubi
716 1126 779 1178 ilem
797 1125 830 1179 de
847 1131 925 1194 pastu
949 1127 1093 1196 supplente
1110 1130 1295 1199 6696666666).

157 1201 230 1253 huno
250 1218 344 1256 senem
358 1205 368 1271 ll
382 1203 451 1257 Osse
471 1205 552 1256 benus
567 1203 669 1257 dolebo
688 1205 717 1256 66
735 1206 882 1259 concidam
896 1205 925 1259 Β
939 1208 1000 1261 coll.
1015 1207 1104 1276 Epiri.
1121 1213 1187 1277 488,
1203 1211 1235 1265 rie
1249 1227 1294 1280 que

157 1283 235 1335 ualde
253 1283 384 1337 dubitans
400 1282 498 1353 Oprac.
513 1283 588 1352 Hp.
606 1283 815 1340 assentanei
830 1290 894 1355 post
912 1286 1059 1340 assulmim
1078 1289 1143 1342 add.
1161 1289 1224 1359 (alii
1238 1297 1292 1344 anie

157 1361 317 1428 assulalim,
344 1364 393 1416 ubi
414 1366 504 1431 passis
532 1365 604 1430 baa).
643 1363 742 1418 Minus
768 1371 838 1420 reale
867 1366 1031 1420 iudicarunt
1059 1366 1206 1435 Teuffelius
1225 1370 1289 1424 Anu

152 1442 249 1509 philol.
272 1443 378 1497 XOIX
395 1461 426 1514 p.
446 1448 501 1499 485
529 1450 568 1509 66,
596 1443 724 1497 lacunam
746 1450 810 1513 psal
832 1461 927 1499 senem
949 1450 1089 1513 statuens,
1113 1446 1286 1514 Brixianam

156 1522 308 1578 Muellerus
328 1523 406 1578 Pros.
422 1541 452 1594 p.
473 1529 542 1591 578,
568 1524 708 1579 ‘Naeuia'
729 1543 752 1594 p
779 1528 823 1578 89.
862 1524 905 1578 De
929 1541 990 1579 osse
1017 1525 1066 1578 lini
1084 1527 1168 1581 adeas
1183 1527 1286 1582 Neuiun

160 1603 180 1655 Ι
194 1620 222 1671 p.
242 1608 361 1673 81966,
381 1605 536 1659 Iordanum
560 1604 644 1660 Vinii.
662 1620 739 1659 serm.
759 1604 776 1658 l.
796 1608 854 1657 anl.
874 1607 977 1670 (1882)
992 1621 1022 1672 p.
1044 1609 1093 1671 14,
1119 1605 1284 1673 Waeltl'lirsn

156 1683 240 1736 Arelr.
263 1684 280 1736 l
290 1700 320 1753 p.
345 1687 407 1738 484.
436 1715 469 1724 -
498 1684 563 1739 huic
583 1684 642 1739 seni
665 1687 675 1753 ΙΙ
699 1682 772 1738 male
797 1682 837 1736 mi
860 1683 905 1751 sil,
924 1682 980 1737 nisi
1000 1684 1149 1740 assulatim
1165 1685 1281 1740 rodonuo

157 1761 192 1816 L.
209 1764 362 1819 Muellerus
380 1765 418 1819 ael
432 1764 556 1818 Nonium
570 1781 737 1833 paramesen
749 1779 806 1816 non
824 1764 958 1832 ipnorans
972 1780 1034 1819 osse
1053 1764 1103 1820 fiai
1120 1767 1190 1821 naa
1203 1766 1280 1819 laben

157 1844 187 1894 in
201 1859 254 1911 quo
268 1844 391 1911 offendas
406 1845 451 1913 (cf.
463 1845 589 1912 Append.
600 1860 631 1913 p.
647 1846 727 1912 420:
745 1859 769 1896 a.
785 1844 881 1896 testim.
896 1873 930 1883 -
945 1840 1089 1900 uieeerans
1105 1844 1241 1915 Vssinpius.
1252 1874 1277 1884 -

162 1922 193 1975 V.
208 1928 347 1978 868-861
368 1926 458 1979 securi
476 1925 596 1993 ancipiti
612 1924 724 1993 iupulat
742 1922 971 1992 Sennenburpius
989 1925 1073 1978 etiarn
1090 1926 1123 1979 de
1139 1928 1208 1979 exilu
1220 1939 1276 1978 reae

155 2019 209 2055 nae
234 2004 373 2058 dubitans.
398 2034 432 2044 -
465 2004 495 2057 V.
521 2009 574 2058 860
599 2001 854 2071 praecauendumsl
882 2005 966 2070 abque
997 2004 1208 2058 adcurandumst
1224 2020 1274 2058 serr.

162 2081 320 2153 Vssinpius,
352 2082 497 2137 Vahlenus.
526 2112 557 2120 -
583 2081 614 2134 V.
634 2086 685 2135 861
706 2099 759 2150 ego
778 2083 828 2136 del.
849 2083 976 2138 Botlrius.
997 2115 1032 2125 -
1057 2084 1089 2139 V.
1108 2090 1159 2140 864
1174 2083 1272 2138 usluluu

156 2163 237 2215 eiiam
252 2164 402 2217 Bentleius.
413 2179 471 2217 —e
486 2161 616 2215 dentibus
629 2161 672 2214 ‘in
681 2163 824 2216 nonnullis
834 2165 1037 2231 exemplaribus
1045 2165 1108 2234 lepi’
1122 2165 1187 2219 Pius
1193 2163 1270 2218 moa

246 2247 306 2296 866.
325 2243 383 2295 iam
402 2241 545 2296 stimulum
564 2241 594 2295 in
614 2242 756 2294 manumet
774 2242 856 2296 eliam
873 2245 932 2296 aad.
948 2243 1078 2301 Meursii.
1097 2244 1214 2299 ramulus
1227 2240 1269 2294 iam

158 2321 185 2374 in
201 2324 313 2375 manual
323 2321 351 2374 il
366 2327 435 2376 recle
449 2319 593 2375 stimulam
607 2337 667 2390 pen.
683 2323 808 2375 neutrius
820 2323 959 2394 plerusque
969 2326 1119 2394 probalm
1135 2324 1267 2394 saprum

158 2432 187 2439 —
214 2401 246 2455 V.
266 2408 317 2456 867
337 2402 366 2455 in
385 2402 457 2456 flexu
476 2402 638 2465 Salmasius,
657 2400 819 2456 Lambinus.

245 2485 305 2536 868.
325 2482 442 2537 minaris
459 2481 584 2548 Guislns,
604 2481 753 2536 Bentleius.
774 2511 808 2521 -
828 2497 892 2537 ecee
907 2484 1011 2551 autem,
1032 2483 1134 2554 Apollo
1149 2483 1266 2538 Mareu

156 2563 233 2617 Pras.
249 2579 279 2630 p.
300 2566 363 2617 578.

245 2648 305 2697 869.
325 2643 373 2711 qui
399 2643 444 2696 hic
471 2642 529 2695 abab
553 2641 581 2694 ‘r'l
605 2658 666 2698 curn
685 2640 795 2695 Ballio.
822 2640 872 2708 qui
896 2643 972 2696 asiel
990 2641 1039 2697 B:
1069 2659 1216 2715 quamque:
1232 2638 1265 2709 qui

155 2724 213 2775 slei
231 2723 340 2789 666766ιά6
354 2728 441 2793 potest
460 2739 520 2776 eum
544 2721 664 2775 Valsleno
683 2739 716 2775 ea
737 2723 820 2777 Paen.
839 2727 914 2778 1224
938 2727 1007 2792 (non
1026 2741 1060 2778 ex
1080 2726 1173 2780 Pseud.
1189 2726 1246 2788 967).

245 2807 297 2855 870
306 2819 344 2871 sq.
364 2801 467 2871 capillo
487 2817 531 2854 me
551 2799 615 2853 hinc
629 2801 747 2856 Bellias
766 2804 845 2857 olim:
862 2805 976 2872 66666666
991 2803 1134 2860 Benlleias
1150 2811 1172 2859 a
1187 2803 1264 2868 aar

154 2898 273 2936 mannus
291 2883 324 2935 ele
342 2893 382 2931 aa·
399 2887 424 2934 el
443 2892 483 2931 ux
497 2897 593 2950 praep.
609 2898 639 2950 p.
660 2885 686 2947 1,
704 2882 822 2936 admisso
845 2882 908 2950 quie
926 2875 976 2938 hia
995 2886 1048 2938 eal.
1087 2885 1213 2938 ‘Fortasse
1226 2882 1239 2947 l
1254 2880 1258 2890 ’

155 2977 199 3012 me
219 2959 323 3030 capillo
347 2961 412 3014 dum
437 2960 502 3013 hina
525 2961 545 3030 (.
562 3001 567 3014 .
585 3001 590 3012 .
607 2960 724 3029 deripit,
748 2962 899 3030 Imperium
917 3003 923 3015 .
938 3004 945 3017 .
961 3007 967 3018 .
982 2963 1159 3034 Apollinisl)’
1177 2964 1214 3030 a,
1232 2960 1266 3030 pli

155 3040 277 3107 eupillod
295 3042 384 3093 suasit
403 3042 473 3094 Noe.
493 3057 549 3094 ere.
569 3040 591 3092 I
603 3058 633 3109 p.
654 3047 698 3096 75.
736 3041 839 3110 capillo
863 3059 908 3096 me
926 3060 1000 3097 nunc
1019 3046 1061 3097 uel
1078 3043 1109 3098 ui
1126 3045 1185 3098 hina
1201 3041 1266 3096 llari-

154 3120 225 3172 lerus
245 3120 321 3174 Pras.
336 3137 366 3187 p.
386 3124 449 3174 657.
479 3118 581 3190 capillo
601 3120 648 3188 qui
667 3122 731 3176 med
749 3120 795 3175 S:
814 3122 848 3189 es.
868 3140 892 3176 o.
912 3127 992 3177 1011.

243 3205 302 3254 871.
324 3200 474 3270 Imperium
492 3203 524 3253 iu
543 3200 625 3254 deum
649 3204 776 3256 demulsi
802 3202 961 3273 Vesinpius,
983 3221 1046 3257 eum
1063 3204 1163 3259 Briaio
1182 3205 1267 3257 liannu

155 3280 185 3332 in
200 3280 347 3349 Apollinis,
364 3282 413 3334 ubi
426 3282 579 3336 vocalis-um
594 3287 738 3349 easpeeies:
756 3282 829 3351 arrad
847 3298 903 3335 non
917 3284 1058 3351 perspexit
1073 3282 1269 3350 Sonnsnburpius

149 3376 179 3427 p.
200 3365 233 3413 31
254 3363 318 3414 adn.
344 3392 376 3401 -
403 3360 510 3416 dictum
533 3362 575 3430 (ut
598 3360 700 3429 BOD)
725 3363 873 3431 Scioppius
896 3361 977 3431 Sisap.
1003 3363 1059 3417 leel.
1087 3363 1112 3414 V
1129 3370 1151 3417 1.
1171 3395 1198 3403 -
1215 3362 1270 3416 edir-

152 3441 230 3492 bom?
249 3440 359 3509 Apollo,
379 3442 453 3498 ades.
472 3441 504 3497 S
524 3443 569 3508 (es.
590 3440 688 3509 GDa).

242 3524 340 3589 87866.
361 3521 435 3589 Heu,
455 3521 582 3574 morbum
601 3537 665 3574 aare
685 3521 778 3576 hercle
799 3522 922 3576 Guielus.
960 3522 1034 3591 Heu,
1059 3524 1182 3578 morbum
1199 3520 1273 3577 hercle

153 3615 243 3653 acrem
264 3600 669 3669 6666866161686666166666676.
700 3601 906 3671 uenuudepol
925 3603 1053 3656 morbum
1068 3619 1160 3658 acrem
1179 3604 1273 3673 Scyria·
1326 3636 1328 3641 -

151 3685 195 3732 las
210 3681 289 3735 Slurl.
308 3681 352 3736 Pl.
365 3699 395 3750 p.
411 3688 435 3736 5.
474 3681 534 3735 Heu
553 3681 648 3736 hercle
667 3685 759 3737 aorem
776 3682 902 3736 morbum
919 3682 1125 3738 Sludrrnandus
1142 3685 1214 3753 apud
1225 3683 1277 3735 liel-

151 3760 306 3826 lerhoffinns
325 3763 356 3815 rie
375 3764 463 3816 collos.
483 3764 553 3816 verb.
576 3763 620 3816 Pl.
637 3779 666 3830 p.
680 3768 723 3817 79.
762 3763 821 3814 Heu
841 3762 934 3815 hercle
952 3762 1082 3817 morbum
1103 3766 1212 3818 aculam
1228 3763 1279 3832 (del.

151 3856 184 3891 ac
204 3840 316 3908 durum)
335 3841 503 3914 Spenpelius.
542 3843 580 3897 Ar
598 3860 680 3912 quam
696 3850 758 3912 pasl
772 3843 845 3896 hune
862 3859 967 3896 aarum
985 3845 1117 3898 lacunam
1133 3842 1280 3914 sipnarilli

147 3921 331 3986 probantibus
355 3924 492 3992 plerisque
522 3925 580 3990 (ubi
607 3922 845 3977 Homunculorum
878 3920 951 3977 uires
978 3941 1064 3992 quam
1093 3929 1210 3995 pereuni
1234 3924 1282 3978 cilo

149 4001 239 4067 suppl.
256 4000 428 4069 Wapnerus),
447 4021 479 4057 ea
494 4005 525 4056 in
539 4004 598 4071 ipso
612 4020 691 4057 versu
700 4007 857 4058 excurrente
865 4005 1012 4058 statuenda
1022 4011 1090 4060 aral.
1101 4038 1134 4047 -
1153 4007 1185 4061 V.
1195 4012 1242 4061 876
1252 4022 1282 4073 sq.

151 4080 249 4149 ‘inopis
264 4083 407 4150 placitura
425 4086 461 4137 sil
480 4084 545 4138 talis
564 4086 756 4152 consumatio:
780 4082 832 4137 Vel
851 4081 916 4137 buia
936 4084 984 4151 qui
1003 4084 1123 4155 insanit,
1142 4103 1225 4156 quom
1242 4102 1284 4138 ua·

149 4160 202 4214 luib
221 4162 304 4230 [saulo
320 4164 406 4232 prius,
424 4162 464 4217 Vl
478 4164 628 4235 derepente
639 4168 656 4219 6,
670 4184 704 4218 m.
716 4164 755 4219 d.'
767 4162 803 4219 u.
842 4163 895 4216 Vel
910 4165 956 4218 bic
971 4165 1092 4222 insanit:
1111 4168 1195 4238 paulo
1210 4184 1284 4236 quam

147 4239 238 4295 ualuit
256 4242 332 4375 prlius
352 4246 531 4313 Brupmanus
556 4247 589 4300 ele
607 4247 688 4300 lamb.
708 4261 762 4299 sen.
778 4262 808 4315 p.
828 4249 863 4299 41
881 4245 994 4299 maleel
1013 4247 1063 4315 qui
1082 4248 1217 4303 (16186666
1233 4249 1285 4313 effr-

147 4339 208 4373 rerrs
228 4340 282 4389 pau
296 4340 319 4377 o.

236 4407 296 4456 876.
318 4404 544 4462 Distributionem
572 4407 754 4472 Ballionem,
781 4423 863 4475 quarn
887 4406 944 4460 ianr
970 4424 996 4460 a.
1022 4412 1097 4463 1772
1129 4408 1286 4465 Warrrerun
