2940 5062
163 289 225 343 xvi
636 288 843 344 PRAEFATIO

163 452 301 516 schelius
325 451 472 539 (Parerg.
491 475 520 536 p.
539 453 605 517 200
625 453 712 538 adn,
736 450 833 538 268),
860 451 941 517 vitia
962 451 1101 517 inveniri
1128 453 1164 516 in
1188 453 1315 535 ἤθεσιν

163 558 379 624 describendis
408 563 663 645 argumentoque
691 559 880 644 explicando
909 563 942 624 et
968 559 1108 624 rariores
1136 581 1209 624 esse
1241 581 1313 624 sen·

163 665 283 732 tentiae
312 687 513 732 communes:
547 688 629 750 quae
656 667 739 731 nihil
771 667 877 730 valere
910 664 1086 730 ostendunt
1114 671 1311 751 argumenta

164 775 359 861 gravissima
387 777 420 838 et
448 795 486 837 ex
513 774 593 857 ipsis
623 796 704 858 quae
734 774 915 839 accuratius
942 774 1093 838 novimus
1122 772 1308 837 fabularum

162 882 363 964 temporibus
399 880 541 965 petenda
578 886 611 945 et
647 903 686 945 ex
725 903 914 965 graecorum
951 881 1187 964 exemplarium
1226 901 1308 963 qnae

163 992 259 1070 poeta
281 988 442 1071 expressit
464 985 666 1074 varietate*).

252 1092 327 1157 Non
351 1095 457 1158 minus
480 1094 716 1159 inconsiderate
735 1093 899 1159 Stiefelius
923 1094 943 1158 Ι.
962 1115 987 1158 s.
1003 1117 1040 1178 p.
1059 1093 1127 1158 310
1136 1116 1215 1179 sqq„
1239 1094 1306 1159 lau·

163 1200 258 1265 datus
279 1223 356 1266 sane
375 1224 395 1266 a
413 1201 580 1279 herennio,
603 1202 807 1287 impugnavit
827 1200 1007 1287 hadewigii
1030 1201 1252 1266 coniecturam
1275 1206 1306 1265 et

161 1311 289 1371 acutam
313 1312 347 1372 et
370 1309 450 1373 satis
473 1310 683 1393 probabilem,
706 1331 770 1393 qua
793 1309 876 1373 hanc
899 1308 1043 1373 fabulam
1068 1330 1107 1373 ex
1127 1307 1304 1393 Posidippo

161 1435 348 1479 conversam
373 1437 442 1480 esse
461 1417 609 1500 sumpsit,
631 1416 699 1480 sive
713 1412 844 1500 Ὅμοιοι
866 1416 934 1481 eius
959 1437 1055 1499 quam
1078 1416 1230 1480 novimus
1254 1437 1305 1480 cx·

162 1521 284 1604 emplar
312 1521 466 1609 fuerit**)
495 1524 562 1588 sive
590 1523 700 1607 aliqua
722 1525 870 1608 Δίδυμοι
898 1524 949 1588 vel
979 1520 1172 1606 Μέναιχμοι
1194 1522 1304 1587 fabula

161 1629 246 1692 inter
268 1628 331 1694 duo
350 1634 384 1694 et
405 1630 524 1715 viginti
543 1630 611 1694 eius
630 1631 812 1696 comoedias
835 1630 1009 1711 referenda,
1034 1650 1171 1712 quarum
1195 1628 1301 1694 inscri-

160 1735 304 1818 ptionem
335 1737 400 1800 iam
428 1758 495 1801 non
522 1740 678 1801 tenemus,
722 1735 807 1801 Nam
836 1738 901 1802 vim
930 1735 1110 1801 testimonii
1137 1757 1179 1800 ex
1207 1735 1304 1800 Athe

160 1863 241 1906 naec
265 1843 358 1925 petiti
382 1865 454 1908 eum
478 1842 654 1929 infringere
677 1844 818 1925 studeat,
846 1843 881 1907 in
904 1842 1015 1908 eodem
1038 1865 1103 1928 quo
1127 1841 1303 1908 Teuffelius

160 1946 263 2013 ‘stud
293 1971 323 2014 u.
347 1947 454 2015 Char?
482 1973 512 2034 p.
536 1950 601 2015 265
630 1972 736 2015 errore
764 1955 914 2015 versatus
943 1971 1104 2015 summam
1130 1949 1182 2013 rei
1208 1950 1302 2034 plane

160 2056 325 2138 pervertit.
371 2054 501 2122 Scilicet
520 2058 642 2133 δοῦλος
659 2057 815 2142 μάγειρος
838 2079 910 2122 eum
933 2057 1153 2122 invalescente
1178 2057 1302 2122 demum

158 2163 285 2227 luxuria
311 2185 372 2227 usu
399 2164 523 2229 venerit
554 2164 639 2247 apud
672 2163 811 2230 Graecos
840 2167 873 2229 et
902 2165 1062 2243 posterius
1091 2163 1193 2228 etiam
1221 2162 1302 2247 apud

160 2268 389 2334 Romanos-
414 2269 447 2333 id
471 2270 556 2353 quod
579 2270 773 2335 testimoniis
798 2276 872 2354 apte
901 2269 1008 2335 fulciri
1036 2272 1147 2353 potest
1173 2305 1228 2353 -,
1250 2269 1302 2332 ille

158 2377 400 2460 antiquioribus
423 2377 537 2441 tribuit
559 2374 854 2462 temporibusffih
883 2378 1000 2461 quibua
1029 2377 1115 2442 servi
1137 2381 1237 2460 atque
1260 2376 1303 2440 vi·

247 2554 272 2622 *)
293 2552 412 2607 Omnino
436 2551 536 2606 falsam
561 2551 596 2605 de
610 2550 714 2606 'Plauti
738 2551 834 2606 indole
857 2567 890 2606 ac
913 2551 949 2605 do
972 2555 1032 2606 arte
1051 2550 1187 2607 scaenica
1204 2550 1302 2608 aetatis

157 2632 305 2688 Plautinae
315 2631 475 2704 opinionem
490 2632 591 2702 prodit,
611 2632 659 2701 qui
674 2632 886 2701 monologorum
896 2630 1013 2686 facetias
1028 2633 1166 2701 tanquam
1182 2648 1301 2687 summae

157 2730 259 2768 caveae
279 2715 449 2769 concessisse
468 2717 581 2784 poetam
600 2714 706 2768 scribat
724 2713 808 2782 (‘ea'ne
823 2712 983 2767 Concession
997 2713 1043 2766 dee
1057 2712 1191 2768 Dicbtcra
1208 2731 1247 2767 au
1263 2713 1302 2767 die

159 2793 333 2863 Grciodlc'ccpe
341 2795 429 2847 rainer
439 2793 537 2861 Zeit'):
547 2809 638 2860 neque
652 2792 756 2846 rectius
777 2794 811 2846 de
821 2791 884 2847 aliis
897 2793 979 2846 rebus
989 2792 1097 2846 iudicat
1108 2793 1201 2861 (velut
1209 2813 1235 2864 p.
1246 2798 1300 2860 ale,

160 2871 209 2925 ubi
227 2875 309 2925 notat
329 2873 384 2927 ‘cin
401 2874 523 2942 peroieses
540 2873 763 2929 selbstbewuastes
777 2874 924 2939 Austreteu
942 2874 988 2927 dee
1005 2889 1064 2926 eom
1080 2872 1225 2930 Schicksol
1241 2873 1301 2941 fuit

159 2952 215 3017 aas
235 2952 280 3005 dic
307 2953 417 3022 ripense
435 2951 521 3006 Besae
547 2952 681 3020 pestelltcn
708 2953 900 3008 Menaechmis
920 2954 941 3006 I
963 2953 1114 3021 peperu‘tber
1138 2955 1188 3008 des
1213 2956 1301 3009 aaa·

157 3033 281 3102 sdesipen
297 3031 454 3086 Verboltens
474 3030 538 3101 [sic]
553 3033 640 3086 acinco
654 3033 905 3088 erlldrlc‘eberwec'se
918 3033 1129 3087 ocrbiitscbclteu
1148 3034 1300 3101 Braders’).

157 3111 247 3165 Multo
267 3111 367 3165 melius
386 3112 421 3164 de
440 3112 629 3167 imitatoribus
644 3113 737 3167 Plauti
757 3130 791 3167 ex
810 3112 893 3167 ltalia
911 3110 1036 3167 oriundis
1055 3111 1219 3182 disputavit
1236 3111 1300 3167 Stie-

161 3191 251 3245 lelius.
288 3190 376 3256 Quem
405 3190 462 3245 iam
480 3190 564 3261 longe
584 3194 726 3263 superavit
750 3191 1041 3248 Rcinhardstoettueri
1066 3191 1236 3262 diligentia,
1261 3193 1299 3248 cui

157 3270 266 3325 utinam
286 3288 352 3325 cura
371 3275 400 3325 et
418 3269 560 3340 elegantia
583 3273 611 3326 in
631 3273 784 3343 digerenda
810 3274 883 3328 mole
903 3274 1053 3342 parasset.
1092 3271 1225 3328 Ceterum
1244 3291 1298 3327 cum

159 3369 246 3420 nuper
265 3352 417 3406 Mediolani
436 3351 568 3419 degerem
592 3371 609 3408 a
632 3371 718 3423 grege
738 3352 917 3419 Taurinensi‚
941 3369 1024 3421 quem
1043 3350 1123 3406 ducit
1142 3353 1298 3416 Gemellius,

157 3432 250 3501 lepide
273 3434 366 3486 actam
392 3430 449 3485 vidi
474 3431 599 3487 fabulam
620 3434 654 3487 ‘I
670 3436 724 3489 dae
741 3433 847 3501 pcmei’,
867 3432 896 3485 in
920 3448 976 3499 qua
999 3435 1201 3500 argumentum
1220 3432 1297 3488 Arii

161 3532 220 3581 pecc
239 3510 280 3566 ita
299 3513 438 3565 mutatum
457 3513 512 3579 est,
540 3515 572 3566 ut
589 3514 662 3569 alter
681 3514 725 3566 vir
743 3511 781 3566 sit
807 3510 1033 3577 honestissimus,
1058 3510 1132 3567 alter
1151 3515 1254 3569 nebulo
1270 3530 1297 3565 ac

161 3593 205 3646 fur
224 3624 257 3632 -
277 3593 425 3659 utrumque
444 3592 519 3646 idem
538 3592 639 3648 histrio
658 3593 771 3649 nomine
790 3592 877 3647 Vaser
900 3591 971 3645 mira
990 3590 1051 3659 egit
1069 3591 1240 3649 dexteritate
1258 3613 1297 3643 -τ

161 3676 246 3741 atque
265 3671 338 3726 inter
358 3672 414 3726 ulia
432 3671 526 3741 pallae
545 3690 629 3728 causa
648 3674 691 3728 ita
708 3672 808 3740 rediit,
826 3673 859 3725 ut
877 3689 998 3739 nequam
1017 3671 1065 3727 ille
1086 3676 1197 3729 vestem
1216 3691 1296 3729 surru-

161 3753 266 3820 puerit,
285 3768 369 3819 quam
391 3769 408 3805 a
433 3752 567 3806 serutario
592 3753 765 3822 redemptam
789 3751 891 3819 aliquis
915 3752 987 3806 dono
1012 3753 1062 3806 dat
1086 3756 1215 3821 gemino:
1234 3754 1296 3809 unde

160 3829 286 3883 confusio
306 3833 433 3897 augetur.

250 3909 291 3976 **)
311 3907 350 3963 Cf.
371 3909 539 3965 ltibbeckius
560 3911 671 3965 ‘Gesch
691 3911 716 3965 d.
736 3912 768 3965 R..
789 3911 833 3964 Ι).’
854 3928 881 3979 p.
893 3916 953 3965 125.
992 3911 1069 3976 Quae
1089 3930 1148 3967 una
1165 3912 1296 3969 sententie

161 3990 271 4040 servata
289 3991 333 4041 est
351 4006 384 4042 ex
403 3991 457 4044 hac
476 3989 572 4044 fabula
591 3990 645 4043 etsi
663 3991 692 4044 in
715 3989 905 4045 Menaechmis
923 4007 979 4044 non
998 3990 1088 4060 redit,
1107 3996 1205 4048 tamen
1223 3992 1295 4048 facsse

159 4065 253 4133 potuit
271 4069 389 4134 proferri
412 4074 462 4123 aut
485 4089 502 4124 a
526 4069 651 4139 parasito
674 4070 722 4139 (ΙΙΙ
745 4073 771 4140 1)
790 4074 841 4124 aut
860 4087 877 4124 a
895 4087 960 4125 aeno
978 4069 1015 4140 (V
1035 4077 1051 4125 2
1071 4070 1123 4140 in.)
1143 4078 1194 4128 ant
1211 4092 1228 4129 a
1244 4071 1290 4126 lle>

159 4146 294 4199 naeehmo
313 4146 326 4198 I
345 4149 380 4215 (V
400 4155 415 4202 5
434 4148 492 4215 in).

248 4225 307 4294 m)
328 4228 376 4282 ‘So
399 4230 498 4282 uedclcte
521 4231 568 4283 der
591 4232 690 4292 δοῦλος
714 4228 846 4298 μάγειρος
867 4247 938 4298 pons
963 4230 1033 4284 wobl
1052 4229 1134 4297 jener
1161 4234 1222 4288 Zeit
1245 4238 1292 4286 cnt-

159 4306 294 4370 sprecbcm
314 4323 353 4361 roo
367 4310 414 4361 der
424 4309 522 4362 Lusus
540 4311 609 4364 noch
623 4312 767 4366 innertulb
785 4313 909 4380 pacisscr
919 4311 1077 4366 Sclrroalecu
1097 4312 1183 4367 blieb.
1197 4357 1201 4366 .
1213 4358 1219 4368 .
1229 4314 1294 4369 sollte

160 4383 279 4437 Erotion
292 4387 385 4439 aweier
402 4387 540 4441 Personea
557 4389 649 4443 hother
668 4392 761 4444 iurum
779 4393 859 4445 cinca
873 4391 951 4447 Koch
971 4390 1107 4445 cistellam?
1131 4392 1217 4463 lt’er'o,
1233 4394 1294 4449 dicct
