2956 5678
626 783 832 839 PRAEFATIO
1227 781 1305 836 XVII

162 950 289 1013 lissima
321 948 402 1013 adeo
435 949 599 1032 mancipia
630 949 813 1032 coquebant
840 969 899 1012 neo
932 951 1041 1011 tamen
1076 947 1170 1031 coqui
1202 945 1308 1010 audie·

161 1053 298 1142 baum),
330 1060 446 1140 utpote
474 1056 529 1140 qui
557 1076 623 1119 non
655 1059 722 1118 tam
751 1075 789 1117 ex
822 1057 891 1118 arte
922 1075 1018 1138 quam
1051 1074 1089 1117 ex
1121 1074 1181 1117 usu
1215 1052 1309 1116 cotti-

165 1162 261 1227 diano
291 1162 432 1227 culinam
464 1161 738 1227 administrarent.
782 1161 852 1225 lam
877 1159 1015 1238 accedit,
1048 1158 1133 1244 quod
1156 1158 1238 1223 illud
1270 1158 1309 1222 de

165 1266 308 1334 Hierone
340 1273 496 1354 regnante
528 1267 703 1352 Posidippo
728 1267 892 1348 convenit,
924 1289 989 1331 non
1022 1267 1175 1332 convenit
1197 1265 1309 1350 pleris-

165 1395 224 1458 que
257 1374 346 1458 aliis,
379 1396 459 1458 quos
492 1374 623 1439 comicis
653 1373 777 1438 Latinis
812 1376 957 1438 auctores
984 1372 1085 1438 fuisse
1117 1372 1309 1457 praecipuos

166 1481 314 1547 sciamus.

253 1587 326 1653 Iam
349 1588 422 1671 ipsa
444 1589 529 1654 ratio
553 1611 617 1673 qua
640 1591 866 1671 argumentum
897 1584 1191 1672 lepidissimum'ti)
1215 1587 1310 1651 Plau·

167 1700 218 1758 tus
249 1716 289 1758 er
318 1715 437 1780 graeco
464 1694 641 1780 exemplari
669 1715 735 1758 non
764 1695 833 1758 sine
862 1694 958 1758 solita
985 1693 1135 1758 libertate
1162 1690 1310 1756 traduxit

168 1823 240 1866 cunr
268 1802 472 1867 saeculomm
500 1801 709 1886 gentiumque
737 1801 853 1884 plausu
881 1822 918 1864 ac
946 1803 1101 1883 perpetua
1130 1799 1311 1864 imitatione

168 1908 306 1992 probata
337 1907 452 1991 fuerit,
482 1907 544 1971 bac
572 1907 643 1990 ipsa
670 1910 777 1970 aetate
804 1905 891 1971 haud
923 1927 1044 1989 paucos
1077 1906 1312 1990 vituperatores

167 2015 307 2099 invenit,
338 2015 436 2079 nimis
470 2035 566 2097 saepe
598 2012 682 2077 aerio
717 2013 971 2095 considerantes,
999 2032 1082 2096 quae
1113 2012 1208 2076 facile
1241 2033 1314 2077 con·

168 2122 326 2187 ceduntur
361 2124 419 2186 aut
455 2120 608 2186 scaenicis
649 2120 831 2184 rationibus
841 2111 914 2204 **'*)
951 2123 1010 2184 aut
1045 2119 1179 2184 ioculari
1217 2119 1313 2184 licen·

170 2247 348 2255 ——a-———
366 2250 384 2255 .-

168 2316 205 2368 a'st
223 2314 424 2369 dkonomrscber
443 2311 567 2384 [scilicet
580 2315 613 2365 nt
626 2311 760 2368 amatoris
779 2311 915 2382 paeoniae
933 2313 1057 2382 parcattl
1077 2313 1137 2368 arrd
1154 2317 1220 2366 sctrt
1237 2312 1316 2366 dom

169 2394 290 2448 Sklarea
308 2395 375 2448 siber
393 2394 437 2449 die
455 2394 572 2447 Kricbe'.
610 2393 682 2458 Quin
705 2382 791 2446 immo
815 2393 868 2447 hoc
891 2393 945 2463 ipsi
968 2391 1069 2446 Plauto
1092 2392 1192 2446 tribuit
1217 2392 1316 2445 immu-

172 2474 260 2528 tanti:
280 2477 311 2527 at
329 2473 364 2528 oi.
384 2473 447 2527 adn.
467 2490 507 2541 sq.

260 2553 287 2620 ⁸)
306 2551 405 2620 ltaque
420 2552 541 2606 Cuamns
555 2552 584 2605 in
600 2552 768 2606 Truculento
783 2551 912 2620 quamvis
931 2552 970 2605 ‘in
985 2551 1079 2606 culina
1099 2551 1200 2605 clueat'
1215 2569 1241 2604 v.
1256 2556 1316 2605 615.

169 2639 220 2689 627
232 2651 273 2700 sq.
286 2663 318 2672 ·-
331 2631 463 2687 nimirum
479 2631 600 2686 bellator
613 2650 680 2687 vern
695 2637 866 2687 exarmatus!
877 2663 912 2673 -
922 2645 1035 2686 sanvvs
1050 2632 1103 2697 est,
1120 2647 1177 2684 non
1191 2643 1317 2694 coovvs:

170 2716 199 2768 id
219 2712 430 2781 quodpropter
456 2712 620 2766 borenaium
645 2728 744 2766 moneo
769 2711 860 2781 (iphil.
880 2713 961 2767 Ana'
983 2711 1034 2763 Vll
1051 2729 1077 2780 p.
1097 2710 1211 2778 306sq.)
1234 2708 1316 2765 alios-

172 2810 241 2861 que,
261 2792 310 2860 qui
329 2797 358 2846 et
377 2792 428 2845 hoc
448 2791 606 2861 exemplum
624 2807 769 2861 perperam
791 2795 888 2845 contra
905 2791 1097 2858 Ladawigium
1116 2790 1272 2844 attulerunt
1289 2793 1319 2843 et

173 2873 233 2926 sine
253 2873 354 2926 idoneo
373 2875 537 2941 argumento
557 2886 661 2940 coquos
680 2872 709 2924 in
729 2871 895 2927 Curculione
914 2875 943 2926 et
961 2871 990 2925 in
1010 2869 1101 2924 Milite
1120 2870 1243 2938 glorioso
1262 2886 1317 2924 ser-

171 2969 222 3007 vos
238 2951 408 3006 domesticos
423 2968 484 3007 esse
500 2954 710 3005 contenderunt.
749 2952 835 3006 Paulo
852 2951 934 3006 aliter
948 2968 992 3005 res
1010 2950 1098 3005 habet
1115 2950 1144 3004 in
1164 2948 1318 3015 Aulularia,

172 3033 220 3087 ubi
231 3050 257 3088 v.
273 3037 324 3085 309
336 3031 419 3100 coqui
434 3049 462 3085 se
483 3047 576 3086 servos
592 3048 652 3085 esse
668 3032 833 3102 significant.
871 3035 909 3085 At
927 3031 1013 3085 iidem
1033 3032 1129 3099 aperte
1148 3027 1320 3083 conducticii

172 3117 238 3167 aunt
264 3113 299 3166 de
328 3112 388 3166 toro
415 3114 450 3180 (r.
471 3113 598 3178 280sq.):
624 3113 697 3165 unde
720 3113 801 3181 patet
827 3109 910 3178 coqui
929 3110 1071 3165 cuiusdam
1091 3108 1234 3164 ministros
1254 3108 1319 3162 illos

172 3208 243 3260 ease,
264 3191 377 3260 qualern
396 3190 456 3261 ipse
475 3191 644 3260 Posidippus
671 3190 741 3246 alias
761 3190 891 3245 exhibuit
909 3190 1048 3246 dicentem
1068 3186 1126 3244 καί
1148 3187 1255 3259 ἀγορὰν
1275 3183 1320 3257 ἐρ-

171 3271 292 3342 γάζομαι
314 3267 447 3340 'Enortrco
471 3270 525 3341 peip
553 3291 594 3333 τις
621 3270 769 3341 ὁμότεχνός
795 3291 828 3340 με
855 3271 999 3340 γνώριμος.
1047 3270 1143 3335 Quode
1170 3273 1246 3325 recte
1274 3288 1319 3326 ex·

173 3352 271 3422 posuit
289 3350 436 3422 Vssingius
461 3352 497 3406 ad
522 3351 615 3406 Aulul.
640 3371 665 3420 p.
686 3358 787 3420 300sq.
812 3352 858 3419 (cf.
878 3351 1049 3405 Ribbeckius
1071 3351 1198 3407 ‘Alazon’
1220 3371 1246 3422 p.
1266 3357 1319 3421 25).

172 3433 252 3487 Adde
272 3431 292 3489 I.
313 3431 480 3486 Muellerum
500 3432 616 3500 ‘griecb
637 3431 795 3487 Privatalt.’
817 3451 843 3501 p.
865 3433 949 3485 443d.
970 3435 998 3485 et
1021 3432 1231 3498 Marquardtum
1253 3432 1320 3486 ‘Pri-

174 3511 308 3568 vatleben
327 3512 353 3567 d.
373 3512 486 3566 lttmer’
508 3531 534 3582 p.
557 3518 614 3566 146.

266 3591 309 3660 **)
329 3592 409 3658 Quod
436 3609 523 3662 nuper
552 3591 718 3646 Zielinskius
744 3597 840 3648 noster
868 3597 979 3657 Quaeat.
1005 3612 1075 3648 com.
1101 3595 1142 3647 ed.
1164 3593 1275 3663 Petrop.
1295 3611 1320 3646 a.

176 3679 243 3729 1887
265 3692 292 3741 p.
313 3678 344 3726 'll
357 3690 417 3741 sqq.
443 3671 555 3726 tabulae
579 3675 774 3740 argumentum
798 3674 834 3725 ad
858 3673 1065 3742 paramytbium
1084 3675 1224 3740 quoddam
1244 3690 1322 3727 revo-

175 3770 239 3807 care
255 3751 373 3818 studuit,
393 3751 519 3822 argutius
540 3768 623 3818 quam
640 3752 731 3806 verius
749 3751 908 3823 disputasse
928 3751 1047 3808 videtur.
1086 3753 1162 3817 Quae
1183 3752 1257 3805 enim
1275 3769 1323 3806 ne-

176 3832 299 3888 cessario
318 3835 368 3885 aut
385 3831 537 3887 resecanda
556 3835 606 3884 ant
619 3833 795 3886 immutanda
814 3833 900 3887 tuisse
919 3838 1020 3902 poetae
1040 3832 1146 3887 comico
1167 3832 1274 3897 statuit,
1294 3831 1322 3883 in

176 3915 216 3970 eis
236 3913 307 3984 ipsis
326 3911 440 3982 propria
463 3910 506 3964 ris
530 3928 562 3965 ac
587 3915 687 3966 natura
710 3912 882 3983 paramythii
900 3914 1038 3967 consistit.
1076 3912 1182 3976 Quibus
1202 3911 1323 3978 demptis

177 4012 249 4064 quae
269 3995 388 4057 restant,
416 3990 520 4046 rectius
539 4010 571 4046 ex
591 3993 652 4062 ipso
671 3993 746 4047 vitae
766 4011 817 4048 usu
836 3992 978 4063 ipsiusque
999 3993 1065 4046 artis
1086 3990 1210 4046 comicae
1228 3990 1324 4043 inven-

178 4073 303 4129 tionibus
323 4076 408 4140 atqua
427 4072 691 4141 exaggerationibus
711 4074 881 4127 derivantur.

268 4153 328 4221 ***)
348 4151 434 4205 Velut
452 4153 600 4219 Langenus
620 4152 696 4206 Stud.
718 4153 757 4206 Pl.
782 4173 808 4223 p.
831 4158 880 4207 149
905 4151 1061 4221 vituperat,
1085 4151 1159 4218 quod
1179 4147 1324 4202 Menaech-

178 4253 240 4290 mus
261 4233 286 4285 ll
306 4249 368 4286 curn
387 4232 510 4286 noudum
529 4231 558 4285 in
579 4232 723 4287 tabernam
743 4232 903 4299 deverterit,
924 4233 1001 4286 vaste
1021 4227 1171 4294 communi,
1190 4244 1246 4283 non
1265 4226 1323 4280 via·

178 4315 255 4371 toria
273 4313 397 4367 incedat:
422 4329 505 4380 quarn
530 4313 627 4379 quidni
651 4314 679 4366 in
704 4313 765 4382 ipsa
784 4313 847 4366 navi
867 4314 974 4365 mutare
994 4311 1100 4380 potuit,
1125 4311 1277 4375 antequam
1295 4308 1324 4361 in
1375 4327 1377 4331 ’

178 4397 277 4450 urbem
296 4392 363 4459 iret,
388 4391 474 4447 servia
491 4390 571 4446 iliam
590 4392 719 4445 tradens?
743 4392 821 4445 Idem
847 4394 926 4446 notat
949 4409 973 4444 v.
994 4396 1046 4444 ⁴230
1058 4407 1116 4458 sqq.
1136 4389 1325 4457 spectatorum

178 4472 275 4545 gratia
288 4472 493 4527 Messenionem
507 4472 652 4538 sciscitari,
671 4472 747 4540 quod
762 4472 848 4541 probe
867 4472 949 4526 sciat:
970 4488 1024 4539 qua
1039 4471 1170 4523 libertate
1190 4469 1252 4537 quis
1271 4485 1326 4522 non

180 4555 269 4610 utitur
292 4554 379 4622 poeta
402 4552 563 4607 scaenicus?
594 4552 662 4606 Dein
686 4555 773 4620 negat
797 4572 822 4620 p.
845 4557 894 4605 150
919 4553 1024 4620 pallam
1050 4550 1155 4604 ‘hodie'
1184 4549 1326 4602 reconcin-

180 4634 243 4690 nari
264 4633 390 4703 potuisse
410 4635 447 4702 (v.
467 4634 595 4701 reasq.):
620 4633 695 4705 quod
719 4633 767 4699 qui
791 4631 933 4701 promittit
959 4637 1055 4701 aperto
1075 4631 1217 4684 mentitur.
1256 4627 1327 4681 Dein

179 4734 206 4784 p.
229 4720 280 4767 153
301 4715 410 4782 patrem
429 4712 582 4780 adscitum,
601 4712 728 4781 quamvis
748 4714 865 4766 moleste
885 4712 1095 4782 progrediatur,
1116 4709 1258 4762 celerrime
1277 4706 1327 4761 ad-

180 4811 242 4849 esse
262 4792 345 4847 dicit:
365 4792 440 4861 quod
460 4810 522 4847 cum
542 4793 654 4846 omnino
674 4794 764 4846 minus
784 4795 882 4848 curent
900 4794 1016 4861 poetae,
1036 4790 1102 4859 quid
1121 4787 1241 4857 impedit
1260 4804 1327 4857 quo·

180 4876 274 4929 minua
294 4874 323 4926 in
343 4874 469 4943 proxima
488 4873 591 4927 vicinia
609 4872 688 4925 illum
711 4874 836 4927 habitare
854 4881 1012 4927 sumamus?
1040 4872 1060 4924 E
1077 4869 1216 4923 contrario
1235 4886 1260 4938 p.
1278 4874 1326 4921 lto

237 4976 332 5014 Pusam
347 4974 504 5012 Maroneum.
1097 4961 1115 5014 b
