2940 5062
212 305 253 369 12
715 303 848 358 PLAVTI

702 474 859 535 Tnuaamo

209 557 337 624 Desiste
360 559 584 644 percontarier.

706 653 855 714 Emmaus

626 772 785 859 Loquere:
808 773 878 858 ipse
900 772 988 839 ubist
1012 770 1266 858 Stratippocles?
1321 787 1358 838 40

702 960 858 1019 Tmeamuo

210 1078 271 1146 Eat
294 1085 389 1146 oadaa
412 1102 476 1165 qua
498 1081 593 1147 oauat
616 1059 861 1146 simul'meoum
883 1079 930 1144 fre
952 1079 1097 1144 ueritust

708 1265 856 1324 Epimovs

1039 1308 1214 1423 'Quidnam
1233 1344 1266 1409 id
1285 1345 1358 1409 est?

703 1463 859 1520 Tuusmuo

210 1579 337 1645 Patrem
362 1582 470 1646 uidere
494 1581 526 1646 se
549 1583 661 1645 neuolt
684 1581 876 1645 etiamnunc.

707 1765 855 1823 Emmovs

906 1843 1128 1929 Quapropte?

703 1978 859 2036 Tuusamo
1236 2023 1238 2027 .

436 2143 443 2160 ἱ
1088 2143 1093 2152 Ι
1169 2056 1273 2122 Soies:

212 2166 294 2243 Quia
316 2169 421 2232 forma
442 2168 548 2253 lepida
571 2173 604 2232 et
626 2167 752 2233 liberali
776 2168 935 2251 captiuam
959 2164 1232 2229 adulescentulam

211 2274 260 2338 De
283 2274 400 2358 praeda
423 2277 605 2340 mercatust.

708 2387 855 2447 Emmcva

646 2504 730 2581 Quid
753 2526 813 2589 ego
837 2527 876 2569 ex
898 2508 931 2568 te
954 2504 1071 2567 addio?

704 2690 859 2747 Tnnspmo

1033 2770 1105 2835 Hoo
1120 2771 1207 2854 quod
1222 2771 1357 2834 fabulor.

708 2885 857 2944 Eanuovs

212 2967 276 3033 (hir
300 2991 369 3032 eam
394 2968 493 3032 emit?

301 3163 364 3214 40.*
386 3161 590 3230 percontrarier
607 3163 634 3216 J.
659 3159 867 3228 percunctarier
890 3162 934 3228 (no
958 3177 1052 3215 ecorr.
1073 3168 1154 3229 oeque
1175 3178 1208 3214 ex
1228 3167 1311 3229 parte
1328 3162 1361 3214 in

211 3244 309 3311 ruaB)
320 3243 384 3296 ΒΕ
393 3241 479 3295 VFZ
520 3242 581 3310 ipae
595 3241 643 3294 ubi
655 3244 697 3294 est
707 3242 734 3294 Β
742 3241 827 3294 VJF.
842 3240 961 3307 ubiipae
977 3244 1020 3293 est
1029 3242 1055 3293 Z
1062 3242 1181 3309 olqueE
1193 3242 1256 3307 (ubi
1269 3248 1361 3295 tomen

211 3321 260 3374 ubi
275 3339 307 3374 m.
324 3325 341 3374 3
356 3320 477 3387 addidit)
532 3319 729 3388 atratiphoolee
747 3322 771 3375 J
772 3319 834 3373 ΓΖ.
864 3320 1040 3387 stratipooles
1060 3321 1095 3374 E.
1125 3321 1317 3389 stratippodes
1338 3322 1365 3374 V

247 3398 250 3403 ⁴
274 3406 316 3454 41.
336 3400 386 3454 Eat
400 3415 485 3453 eausa
500 3431 533 3439 —
547 3400 667 3453 ueritust
681 3400 801 3467 Epidico
816 3399 911 3453 tribuit
925 3401 959 3464 F,
979 3401 1052 3452 uelde
1067 3416 1201 3468 personae
1219 3418 1305 3470 usqae
1323 3401 1362 3454 ad

210 3482 291 3549 finem
309 3497 422 3535 scaenae
439 3486 639 3534 commutantur
692 3479 742 3533 llat
761 3495 845 3532 cauea
863 3479 947 3531 simul
965 3482 989 3534 J
1004 3483 1071 3547 (qua
1089 3496 1175 3533 causa
1193 3480 1258 3534 odd.
1280 3499 1313 3534 m.
1331 3485 1361 3549 2)

259 3561 366 3613 ueritus
381 3562 423 3613 est
440 3560 489 3614 VJ
535 3559 607 3623 Quid
622 3576 687 3612 nam
698 3561 753 3614 Β]
800 3559 858 3611 42*
872 3559 984 3611 Patrem
997 3558 1094 3613 uidere
1109 3576 1138 3613 ae
1153 3560 1362 3627 neuoltBotte,

212 3641 356 3694 Hermann
372 3640 416 3692 El.
429 3656 457 3707 p.
474 3644 535 3692 161.
561 3640 673 3692 Patrem
687 3639 825 3706 (Paterem
839 3640 873 3708 J)
888 3638 984 3692 uidere
1003 3656 1097 3693 senem
1117 3657 1172 3692 non
1192 3643 1270 3709 (aene
1289 3641 1362 3709 1‘1V)

210 3720 274 3772 uult
292 3719 363 3786 (uolt
380 3718 504 3784 EJFZ)
517 3719 582 3771 BE
587 3719 637 3771 VJ
639 3718 696 3770 ΡΖ
747 3718 804 3771 etia
818 3736 892 3772 nuno
906 3721 933 3772 Β
988 3723 1189 3788 quampropter
1203 3721 1231 3773 Z
1284 3723 1360 3775 Pera.

211 3799 274 3850 odd.
293 3798 349 3851 E³t
372 3815 421 3851 om.
438 3797 478 3850 Ε1
583 3796 657 3849 Scies
677 3799 711 3852 B.
745 3797 787 3850 Tu
807 3798 876 3851 solea
900 3799 951 3866 (vel
969 3801 1049 3866 tuso.)
1070 3801 1100 3852 E
1110 3800 1221 3854 VJFZ
1238 3802 1301 3866 (ubi
1318 3800 1361 3853 Tu

211 3877 448 3944 deleuithlades)
503 3881 544 3928 43.
556 3875 637 3928 THE.
648 3883 710 3930 orale
721 3876 793 3940 Quia
807 3879 856 3931 del.
868 3878 911 3931 Β3
964 3878 1204 3932 adolescentulam
1215 3881 1365 3936 BEVJZ

265 3961 306 4006 44.
323 3955 469 4023 Depraeda
479 3958 513 4009 B.
538 3955 637 4024 Depda
650 3958 677 4010 J.
702 3957 743 4010 De
757 3956 845 4025 preda
862 3959 922 4012 VF.
947 3958 990 4010 Da
1004 3959 1110 4026 praeda
1125 3959 1177 4026 (De
1192 3976 1225 4011 m.
1238 3964 1267 4026 3)
1279 3961 1310 4013 E

211 4035 350 4085 mercatus
361 4038 403 4088 eat
414 4036 463 4088 VJ
505 4037 567 4087 exte
576 4036 640 4088 ΒΕ
645 4036 694 4090 VJ
741 4042 853 4089 45-60.
865 4037 943 4092 Haeo
952 4044 1016 4092 aum
1026 4039 1109 4092 initia
1118 4040 1149 4091 io
1159 4040 1292 4094 BEVJ:
1307 4037 1363 4093 Cur

212 4126 282 4175 eam,
293 4112 408 4165 Animos
422 4114 516 4178 habet,
529 4113 591 4181 Ipse
601 4114 756 4181 mandauit,
767 4115 912 4170 Emeretur
926 4117 989 4182 sibi,
1004 4117 1094 4171 lnalto
1109 4121 1212 4171 uentus
1222 4122 1275 4184 eat,
1285 4119 1362 4173 Male

211 4189 304 4258 pdidit
324 4207 376 4256 me,
401 4192 473 4256 Quid
492 4193 591 4258 istane,
615 4193 689 4246 Istuc
708 4198 736 4247 te
756 4212 831 4263 roge,
855 4195 909 4249 Tot
928 4197 1125 4265 quadraginta,
1144 4198 1230 4265 Apud
1248 4199 1363 4262 thebas,

212 4267 342 4336 Singulas
366 4272 499 4336 nummis,
519 4272 581 4324 Vna
604 4290 667 4325 eum
691 4290 736 4338 e0‚
760 4275 819 4342 Ego
839 4275 946 4340 interii,
971 4276 1101 4344 Epidico,
1125 4277 1200 4330 Num
1220 4277 1291 4345 quid
1310 4279 1363 4344 ita,

211 4346 344 4400 Mittebat
363 4351 420 4415 sed,
441 4352 526 4405 Seruii
546 4351 667 4418 homine,
687 4352 822 4422 Trepidas
904 4362 945 4408 45.
967 4355 1042 4420 Quor
1061 4358 1091 4411 F
1167 4363 1244 4412 emet
1264 4360 1367 4415 E'VJ

212 4430 291 4492 (corr.
312 4427 365 4495 1⁴5³)
