2956 5678
162 398 226 463 198
641 389 828 445 5555555
1175 392 1309 447 oar-oso

162 574 231 614 osus
245 556 300 612 tibi
313 557 457 612 distinxit:
476 560 505 610 at
516 556 551 622 os.
572 552 723 609 Loreruius
737 553 775 607 ad
789 552 905 608 Mostell.
928 556 983 609 773
995 555 1173 623 Brixiusque
1192 555 1231 608 ad
1249 554 1305 608 Mil

160 642 243 694 1029.
284 637 430 691 Lacunam
440 641 503 690 anto
517 636 591 689 tuno
604 651 628 688 o.
642 633 778 687 statuebat
792 632 970 702 Lodeuioius
981 634 1084 689 Pnuol.
1096 634 1204 689 XVII
1213 652 1242 705 p.
1256 638 1305 691 162

162 719 322 788 refrayonte
340 715 550 785 Sonnenburoio
564 730 595 783 p.
611 716 646 767 35
655 728 694 782 sq.
712 712 812 782 ultione
830 717 1034 768 retractatorum
1051 714 1180 784 culpans.

251 802 312 850 937.
330 795 374 849 De
392 794 506 848 insanus
520 809 647 864 peruerse
666 792 774 846 iudicat
794 790 909 846 Olsenus
923 809 952 862 p.
969 796 1011 848 31.
1031 792 1165 849 insanisti
1184 795 1221 850 R
1239 792 1302 848 ineo

163 875 263 931 niuisti
277 875 429 930 Muellerus
445 874 561 944 Prasp.
578 878 640 928 103.
649 876 702 927 580
722 873 814 940 (etiam
823 872 856 926 de
870 873 966 942 Egone
979 874 1105 943 eayitous
1124 876 1167 930 oei
1182 876 1216 930 de
1232 875 1301 944 Egon

163 963 188 1012 et
206 959 238 1012 tu
256 959 287 1011 tu
306 953 370 1009 intio
389 955 430 1011 uel
449 956 480 1008 tu
495 952 560 1008 istic
578 953 708 1021 inquam:
727 951 1119 1024 eflSotroderusp.11.14).
1157 955 1223 1010 Post
1237 955 1300 1009 liure

161 1055 186 1091 o.
206 1039 273 1105 (non
288 1040 351 1105 post
370 1035 437 1104 938)
456 1035 536 1088 talem
561 1035 688 1089 ‘uersum’
710 1031 846 1087 desiderat
869 1031 1015 1104 Vssinoius
1032 1032 1120 1105 <Meo
1139 1033 1257 1104 scipione
1272 1037 1298 1103 (1)

164 1121 192 1171 ts
217 1117 370 1171 fracturum
399 1131 460 1168 esse
488 1112 567 1168 aibas
596 1129 661 1168 ossa
687 1114 771 1181 atque
798 1112 906 1185 artus).
944 1112 1064 1178 Resutat
1086 1113 1298 1186 Sarmentusoius

161 1212 191 1265 p.
212 1199 258 1264 36,
271 1196 375 1265 probat
393 1193 559 1248 Ribbeokius
573 1211 604 1262 p.
624 1198 678 1249 547
696 1210 754 1247 uuo
772 1208 835 1245 oum
853 1193 941 1247 altera
959 1194 1071 1248 laouna.

251 1278 311 1329 938.
331 1273 394 1329 oitis
418 1290 472 1342 pro
490 1273 594 1328 innotis
616 1275 657 1328 oel
680 1275 734 1328 tole
756 1271 824 1340 quid
842 1271 1003 1328 Sotwobius
1023 1273 1158 1343 postulat.
1177 1303 1208 1313 -
1226 1273 1293 1328 mini·

163 1356 241 1409 tutus
260 1371 309 1408 om.
330 1370 359 1407 es
378 1353 432 1420 det.
454 1352 569 1408 Olsenus
583 1372 613 1424 p.
632 1357 676 1409 33.

252 1438 313 1487 939.
333 1433 465 1502 Exempli
483 1448 567 1487 causa
592 1433 729 1487 Votienus
745 1434 891 1502 proponit:
914 1432 992 1486 5555.
1014 1432 1083 1500 Quis
1106 1450 1136 1488 so
1154 1431 1221 1489 dicit
1234 1432 1289 1487 hue

162 1529 207 1567 mo
226 1512 318 1568 fucore
332 1511 439 1567 uidisse
454 1516 504 1567 aut
518 1510 581 1580 quis
596 1511 709 1581 arguit?
727 1512 826 1568 Minus
841 1513 1004 1583 languidum
1017 1513 1105 1579 toret:
1124 1513 1199 1568 Mun.
1209 1512 1290 1584 Egon?

163 1593 276 1647 insanos
296 1591 391 1646 horale
410 1592 523 1661 oportet
541 1608 601 1647 esso
620 1591 668 1659 qui
687 1593 757 1645 hasa
776 1593 841 1647 med
861 1596 990 1663 arguant.
1029 1592 1073 1661 Cf.
1092 1595 1130 1649 ad
1146 1611 1170 1649 o.
1187 1598 1241 1650 937.

252 1678 313 1726 940.
334 1688 400 1727 ecco
424 1673 452 1726 ts
473 1671 655 1727 Camerarius.
680 1672 781 1728 hassos
800 1677 830 1728 to
847 1690 909 1729 oum
927 1672 1059 1743 Scioppio
1079 1672 1284 1743 silnanus

163 1751 192 1804 'R
212 1753 285 1818 olim,
300 1759 396 1821 postea
417 1755 486 1807 hono
505 1750 552 1806 ted
570 1753 693 1822 probans
705 1752 777 1810 Nou.
791 1771 848 1810 exo.
865 1755 887 1807 I
898 1771 928 1824 p.
940 1758 989 1809 37:
1008 1755 1045 1821 os.
1066 1754 1212 1810 Muellerus
1221 1753 1281 1808 Pru.

162 1849 192 1900 p.
213 1836 277 1886 ors.
297 1836 358 1887 734.

255 1917 314 1967 941,
335 1911 410 1966 Ionis
429 1911 488 1966 ocio
508 1910 537 1964 'R
556 1912 602 1981 (es.
624 1912 738 1982 Parere.
757 1912 820 1983 Ip.
840 1917 919 1984 811)
942 1920 972 1969 at
990 1915 1027 1981 cs.
1050 1914 1128 1971 Trin.
1147 1919 1192 1983 84,
1212 1913 1279 1968 tirel

164 1991 237 2045 lorus
257 1991 503 2061 ’1155551522
532 1991 589 2047 soio
607 1993 683 2048 louis
704 1992 847 2048 Gruterus.
880 1993 924 2047 nio
943 1992 1020 2048 Iouis
1042 1994 1160 2050 Porrus.-
1174 1992 1277 2064 quatit

166 2072 317 2126 terularuru
337 2088 423 2127 causa
446 2073 478 2126 in
502 2071 558 2125 01)
576 2090 609 2126 ex
632 2079 729 2142 operta
751 2074 941 2143 dittoyropliia
962 2079 1091 2130 ortorum
1109 2078 1150 2144 (ut
1164 2077 1193 2130 irs
1206 2074 1276 2129 eide·

166 2151 241 2207 codd.
266 2150 320 2205 bd
347 2168 426 2207 versu
450 2154 584 2222 sequente)
607 2154 771 2222 praeferunt
802 2154 940 2209 Vahlenus
970 2154 1166 2227 Vssiuyiusoue
1187 2154 1275 2224 noluo

167 2232 220 2286 laci
238 2233 327 2300 ipsius
345 2233 443 2287 indole.

256 2317 316 2366 942.
336 2315 394 2367 tete
419 2328 479 2367 esso
504 2312 545 2369 uel
569 2314 648 2382 topto
674 2328 735 2367 esso
758 2312 974 2382 Kamprnorusus
996 2316 1031 2370 de
1048 2327 1083 2368 ln
1094 2332 1184 2386 praep.
1200 2332 1225 2384 p.
1238 2315 1274 2368 tl:

165 2392 200 2457 cs.
211 2391 393 2448 Buechelerus
404 2394 437 2448 de
451 2393 515 2448 elect.
522 2410 552 2461 p.
568 2397 616 2461 25,
627 2391 656 2445 Β
669 2393 741 2448 Nou.
755 2392 841 2450 exaI
848 2411 877 2462 p.
888 2399 938 2464 28,
952 2394 1091 2465 Berytius
1106 2395 1204 2452 ‘Boin'
1210 2412 1234 2465 p.
1244 2395 1273 2446 st.

255 2475 315 2526 945.
334 2471 389 2527 hoo
413 2472 603 2527 Camerarius:
626 2473 698 2527 unde
721 2471 809 2528 Satin*
828 2471 881 2529 hoo
904 2492 955 2545 pro
983 2481 1073 2530 sano?
1096 2494 1130 2533 m.
1148 2494 1180 2530 nn
1196 2494 1214 2529 r.
1228 2473 1273 2528 15

166 2552 266 2607 dolius.
288 2583 319 2591 —
341 2552 383 2619 Os.
403 2553 440 2607 ad
456 2570 481 2606 o.
501 2556 565 2607 683.

256 2636 316 2686 946.
337 2632 360 2684 si
379 2629 448 2699 quid
462 2648 516 2700 pro
534 2629 668 2700 quioquid
692 2635 734 2700 (ut
752 2634 836 2703 Epid.
856 2639 926 2704 281)
953 2634 1093 2692 Lualuius
1110 2635 1195 2692 Hom
1216 2629 1275 2686 llll

166 2716 315 2779 51185).

260 2797 320 2845 950.
340 2791 427 2847 Hense
450 2807 474 2846 o.
500 2792 705 2861 consequenti
729 2792 782 2860 (oet
799 2794 895 2861 potius
919 2796 1099 2866 antecedenti]
1123 2790 1277 2864 induami

168 2872 268 2925 tribuit
283 2871 510 2943 Sonnenturoius
524 2889 554 2941 p.
570 2875 614 2927 36.
634 2902 668 2911 -
689 2872 743 2926 ‘De
762 2875 973 2942 transponendis
993 2874 1058 2931 fuxo
1078 2874 1184 2947 potabis
1199 2874 1279 2929 vnn

168 2950 348 3006 Hernannus
371 2951 459 3006 Elem.
486 2953 571 3007 doctr.
599 2957 673 3006 metr.
693 2969 723 3021 p.
747 2956 786 3007 88
810 2955 952 3023 eoyitosse:
974 2956 1009 3010 de
1031 2972 1086 3026 quo
1108 2973 1131 3012 o.
1146 2955 1234 3026 proet'
1250 2952 1280 3007 s.-

167 3037 218 3085 aut
235 3031 275 3083 sie
294 3036 344 3084 out
363 3029 473 3097 aliquos
491 3031 555 3085 faxo
574 3031 725 3087 Muellerus
741 3033 819 3088 Pras.
836 3050 865 3103 p.
881 3040 946 3102 558,
964 3036 1015 3092 ulti
1032 3036 1086 3092 hos
1105 3037 1205 3105 sliquos
1221 3035 1281 3090 eiu
1328 3020 1333 3090 ¹.

168 3108 291 3163 Koeleius
310 3108 372 3163 Fun.
392 3110 436 3165 Pl.
451 3127 481 3179 p.
504 3111 557 3166 XI.
1331 3147 1333 3191 j

257 3192 317 3244 964.
338 3188 468 3257 adenona,
493 3191 614 3258 medios,
637 3192 668 3246 tn
690 3191 782 3247 istunc
801 3190 841 3249 Β.
864 3223 894 3232 -
916 3211 968 3264 ogo
994 3194 1041 3251 ibo
1062 3196 1227 3252 &morarios
1241 3190 1284 3262 (ibt

168 3284 220 3337 ogo
235 3268 379 3339 Bottius):
397 3272 469 3339 quod
488 3287 549 3325 cum
564 3288 616 3341 per
634 3288 751 3327 errorem
769 3291 803 3328 ex
815 3274 844 3328 B
857 3276 994 3330 notaverit
1004 3277 1036 3332 B
1052 3277 1159 3331 hiatum
1176 3292 1223 3346 ego
1235 3275 1241 3343 1
1253 3271 1286 3327 no

168 3350 289 3404 lubenter
307 3350 361 3416 def.
388 3349 533 3418 Votienus,
552 3366 605 3420 ego
624 3350 707 3407 abibo
727 3352 885 3411 Selinuntius
899 3372 929 3425 p.
948 3359 1005 3410 416
1022 3357 1122 3423 soeosit,
1140 3358 1173 3412 de
1189 3354 1287 3425 55515-

169 3447 212 3484 mo
232 3430 279 3484 ibo
308 3432 386 3501 ooyit.
412 3430 561 3501 Seyffertus
581 3431 755 3488 ‘Jahresbon’
781 3454 806 3489 a.
832 3434 935 3504 tssllu
949 3453 979 3504 p.
1000 3441 1039 3491 88
1062 3438 1128 3492 adn
1150 3435 1289 3508 oomporotit

168 3512 234 3565 loeis
252 3528 424 3580 nequaquam
441 3513 585 3566 similibus.
623 3513 658 3566 ad
678 3530 722 3567 mo
741 3514 788 3569 ibo
805 3516 956 3570 Mseellerus
978 3515 1121 3572 'Nacldrl
1139 3535 1168 3588 p.
1186 3522 1222 3573 86
1238 3515 1290 3583 (alia

169 3596 251 3645 antea
270 3596 404 3660 temptans
425 3592 503 3647 Pron
518 3610 548 3661 p.
565 3597 630 3660 651)
650 3594 727 3662 ‘ogo'
747 3596 820 3650 illud
838 3596 970 3650 antiton
988 3598 1019 3650 in
1037 3615 1065 3653 o.
1082 3603 1134 3653 956
1154 3605 1215 3654 oute
1231 3597 1293 3650 abeo.

259 3676 358 3740 those.
378 3672 441 3725 tuos
460 3688 521 3726 eum
538 3673 565 3725 B
586 3671 622 3727 Ἠ.
661 3672 702 3739 Os.
722 3673 894 3744 Schwobius,
912 3677 1047 3745 Bruuius,
1068 3679 1218 3734 Muellerus
1234 3678 1295 3732 Pru.

164 3769 194 3819 p.
215 3755 277 3806 611.
299 3750 438 3806 ‘Naalsln'
455 3769 484 3821 p.
504 3756 550 3806 86.
588 3754 635 3807 An
654 3754 724 3818 fuit:
747 3755 779 3808 tu
799 3770 891 3809 seruos
911 3756 988 3823 tuos,
1012 3763 1044 3811 ut
1062 3757 1132 3812 lnbo
1151 3757 1236 3826 himo,
1254 3773 1297 3809 sou
1331 3780 1333 3796 ι

168 3833 243 3883 huno
266 3836 374 3884 tantum
398 3833 429 3885 in
451 3849 475 3885 o.
496 3824 561 3887 956'
575 3834 759 3889 adhibendum
781 3834 838 3889 sit?
858 3865 891 3874 —
918 3834 948 3887 V.
968 3840 1030 3892 956.
1056 3835 1103 3890 Ad
1126 3854 1172 3893 mo
1191 3837 1299 3891 deterant
1330 3814 1333 3905 1

169 3910 316 3964 Asida-lius
335 3913 375 3978 (at
394 3913 429 3977 es.
449 3929 473 3966 a
493 3917 556 3967 999.
576 3915 667 3982 1013).
688 3945 719 3952 —
740 3912 929 3969 Μ55.Δ1)550
948 3912 990 3970 B.
1030 3916 1074 3984 Of.
1095 3919 1133 3973 ad
1152 3935 1176 3972 o.
1194 3922 1252 3972 954.
1331 3914 1333 3942 ⁵

259 3996 318 4045 957.
339 3992 414 4045 solus
428 4009 501 4046 nnnc
521 3994 580 4062 (om.
596 3995 667 4061 sum)
682 3993 809 4063 Pylades.
847 4011 920 4048 nuno
939 3995 1016 4050 solus
1036 4016 1100 4052 sum
1118 4006 1208 4055 serool
1223 3998 1302 4054 Votlr·
1331 4059 1333 4067 Ι

168 4083 222 4121 rius
239 4071 298 4123 sine
317 4072 380 4125 adn.
400 4088 474 4125 nuno
493 4074 543 4128 del.
567 4075 648 4128 otiam
667 4073 697 4127 Ἠ
719 4078 744 4129 et
762 4074 952 4130 Fleckeisenus
975 4076 1079 4134 Exere.
1104 4079 1150 4135 Pl.
1172 4099 1201 4150 p.
1221 4085 1301 4148 tosa:

170 4148 205 4214 es.
226 4151 262 4203 ad
280 4167 304 4204 o.
324 4156 388 4205 958.

259 4234 318 4284 958.
338 4248 382 4284 ms
398 4231 460 4285 hioo
474 4233 635 4289 Lambinus.
657 4234 719 4289 med
734 4233 796 4288 hice
811 4236 965 4290 Aeidalius.
986 4237 1051 4293 hioo
1067 4255 1113 4293 mo
1125 4239 1164 4295 Ἐ.
1184 4258 1227 4294 ms
1240 4238 1299 4294 hisou

168 4309 289 4365 Brioius
308 4312 379 4365 olim.
417 4313 480 4366 med
504 4312 581 4368 hisce
605 4315 772 4371 Solenidlius
795 4317 827 4370 de
841 4333 924 4386 prou.
940 4334 969 4385 p.
990 4321 1039 4373 26.
1079 4338 1155 4376 nuno
1182 4339 1226 4377 mo
1242 4319 1300 4373 hisot

170 4390 204 4453 (v.
224 4393 257 4456 s.)
281 4392 432 4446 Muellerus
452 4392 589 4450 ‘Nostin’
606 4413 635 4465 p.
656 4401 694 4450 86
717 4396 762 4462 (of.
782 4395 942 4465 Kampfius
956 4414 987 4466 p.
1008 4399 1067 4467 38).
1091 4430 1121 4438 -
1144 4416 1191 4454 mo
1210 4401 1252 4455 hic.
1267 4399 1301 4452 ho

171 4483 264 4521 monos
284 4471 420 4541 Berytius
441 4475 539 4542 Opust.
558 4474 577 4527 1
589 4478 700 4543 5148.
