2956 5678
457 492 925 568 ARGVMENTVM
963 492 1006 565 ll

202 696 381 761 Mereiium
405 700 533 760 esaiam
557 693 663 759 filium
688 695 830 760 extrudit
852 701 954 778 peter.

201 785 234 849 Is
257 786 392 868 pe‘regre
415 784 534 848 missus
557 784 687 848 re‘dimii
711 784 861 849 ancillam
884 782 1042 867 hespitis,

202 875 322 937 Ambre
346 878 468 956 eaptus.
504 877 543 935 et
565 873 667 954 uenit,
689 894 772 936 naue
795 873 899 937 exilii:
1010 915 1013 919 .

202 961 298 1026 Pater
322 962 467 1043 idumei,
490 962 594 1024 uisam
619 961 769 1025 incillem
788 961 879 1026 illem
901 960 1041 1043 deperit,

202 1050 324 1125 Quoirls
348 1050 392 1114 sii
414 1051 630 1133 perconiriiur
667 1070 778 1115 seruos
800 1050 1011 1134 pe'disequsm

203 1139 255 1202 Ab
279 1137 483 1202 iduleseenle
507 1137 607 1222 fingit
629 1140 727 1203 meiri
751 1142 893 1222 emptam
914 1136 1033 1222 ipsius.
1098 1200 1103 1208 ,

204 1226 308 1291 Senis
333 1227 396 1290 sibi
419 1225 691 1310 prospiciens,'ul
715 1228 819 1292 amine
843 1249 901 1291 suo

202 1314 352 1398 Veniret,
374 1321 488 1379 netum
512 1315 638 1379 orihel:
665 1320 777 1399 natus,
800 1320 836 1379 rit
858 1337 927 1380 suo.

203 1404 265 1468 Hie
289 1402 394 1467 filium
419 1402 607 1468 subdiderat
629 1401 743 1487 uicini,
766 1409 859 1493 peter

204 1491 365 1557 Vicinum.
400 1495 641 1575 praemereitur
664 1493 816 1558 aneillim
840 1514 946 1557 senex.

204 1583 287 1646 mm
310 1581 397 1645 domi
421 1581 614 1666 deprensum
637 1582 776 1646 coniunx
799 1581 893 1647 illius

204 1669 314 1734 Vicini
338 1674 481 1734 scorium
504 1667 686 1752 insimulet,
709 1672 852 1755 protelit
872 1670 988 1735 uirum.

204 1758 365 1823 Mereiior
389 1780 503 1843 exspes
527 1760 634 1842 pitria
657 1760 767 1844 fugere
791 1760 947 1825 distinet:

205 1847 401 1911 Prohibetur
425 1870 444 1911 a
467 1847 591 1930 sedile,
615 1849 670 1932 qui
693 1852 817 1931 petrem
840 1848 933 1912 illius

205 1935 365 2000 Horisiur
388 1958 459 2000 eum
484 1958 542 2000 suo
565 1938 671 2019 piire,
693 1941 771 2002 nelo
795 1941 832 2002 ui
853 1936 945 2002 cedat
967 1956 1037 2000 suo.
1282 1949 1311 1997 ιε

232 2095 346 2163 Aryum.
361 2093 402 2146 II
453 2090 715 2146 ARGVMENTVM
728 2092 798 2148 BD.
813 2093 902 2147 omi)
964 2098 988 2145 1.
1003 2093 1123 2146 motum
1137 2092 1307 2146 Riiselreliue.

164 2163 275 2219 adsoiiri
299 2165 334 2219 B.
372 2181 437 2218 ase
455 2176 515 2229 (ese
535 2162 568 2230 O)
586 2163 652 2217 dum
672 2162 740 2229 ol),
758 2164 835 2219 codd.
852 2163 977 2233 Pyladis
1011 2163 1168 2218 eseFZ.
1202 2162 1307 2217 sbseee

162 2236 291 2306 Scaliper.
322 2236 357 2289 ad
372 2235 478 2289 socium
490 2233 669 2289 Camerarius.
699 2234 846 2288 adsiduum
861 2235 980 2289 Boibius
992 2236 1061 2289 olim
1127 2235 1305 2304 superegre

163 2306 219 2360 01)
268 2306 367 2360 missus
386 2304 548 2360 Beroaldus.
580 2305 657 2358 milis
675 2304 772 2360 1301).
810 2304 907 2359 militie
926 2304 993 2360 ΓΖ.
1026 2305 1114 2359 unias
1136 2304 1304 2359 aemam

232 2377 352 2447 hospitis
373 2376 499 2432 ΟΜΖ.
532 2374 632 2430 militis
649 2376 677 2429 B
777 2383 802 2430 3.
821 2384 853 2431 ut
875 2377 953 2431 uenit
974 2373 1145 2431 Lambinus.
1186 2378 1217 2431 ui
1234 2374 1303 2429 uelli

163 2449 236 2503 libri.
269 2447 380 2502 atuehit
397 2449 439 2513 (b.
458 2465 478 2501 e.
498 2447 625 2513 eduehii)
644 2446 814 2502 Gulielmius.
850 2447 946 2502 suehil
964 2446 1093 2516 Sealiper
1185 2463 1254 2500 neue
1268 2443 1299 2498 B.

161 2520 228 2574 naui
250 2521 349 2588 reliqui
439 2518 507 2572 exiii
529 2517 648 2572 Boibius
737 2525 761 2572 4.
791 2517 937 2572 aduolauit
963 2516 1131 2589 Spenpeiius
1160 2515 1298 2572 ‘Hm’

159 2608 189 2659 p.
208 2594 272 2646 239.
311 2589 429 2644 aduolet
451 2594 480 2642 et
508 2588 650 2658 Ussinpius
756 2590 847 2644 uisam
869 2588 1000 2643 ancillam
1026 2587 1109 2642 illem
1134 2588 1296 2642 sisarum

164 2662 253 2716 uisam
272 2661 404 2715 ancillam
423 2661 497 2714 libri.
534 2660 678 2727 uisamque
698 2659 831 2715 ancillam
847 2660 1021 2715 Camerarius
1095 2665 1122 2714 ὁ.
1142 2658 1226 2713 Cuius
1241 2657 1297 2712 libri

232 2735 430 2801 percunctatur
448 2729 540 2784 1301)
607 2731 682 2784 serui
695 2731 731 2785 B.
759 2749 856 2787 seruus
879 2732 977 2802 reliqui
1042 2729 1124 2797 pedis
1140 2746 1253 2798 aequem
1264 2726 1294 2780 B.

163 2804 358 2871 pedissequam
376 2802 467 2872 (pedis
481 2818 595 2870 aequem
610 2801 651 2866 D)
661 2803 761 2872 reliqui
805 2801 1098 2858 insolescentem).
1128 2798 1294 2855 eduleseemi

163 2875 191 2927 B
252 2874 335 2942 fingit
350 2873 434 2926 metri
448 2877 570 2941 emptam
586 2874 672 2941 ipsius
686 2874 858 2929 Riiselrelius.
891 2874 974 2927 metri
989 2876 1116 2940 emptum
1132 2871 1293 2942 ipsiuslibri

163 2944 207 2997 De
217 2948 353 2997 memorat
368 2943 450 2997 matri
464 2947 588 3012 emptam
603 2942 690 3012 ipsius
704 2946 804 3014 capital
813 2944 977 2998 liiiselrelius
990 2945 1023 2997 iu
1037 2945 1104 2997 adu.
1133 2943 1176 2997 sit
1188 2943 1292 2996 matrem

163 3031 222 3068 esse
241 3019 364 3083 emptam
378 3014 465 3084 ipsius
482 3015 614 3084 Pylades:
633 3017 703 3070 idem
722 3021 826 3070 emtam
845 3031 904 3070 esse
917 3021 1102 3082 transponens
1118 3014 1294 3068 camertes:

163 3101 229 3152 quos
247 3086 340 3137 saliem
355 3084 439 3138 moiri
459 3085 500 3138 sii
514 3088 637 3155 emptam
654 3103 713 3140 esse
727 3087 768 3140 ael
782 3086 866 3139 maisi
880 3102 938 3140 esse
953 3087 1077 3154 emptam
1093 3085 1138 3138 sit
1150 3085 1201 3150 (sie
1216 3081 1292 3136 Muel

163 3156 235 3208 ierus
245 3156 323 3209 Pras.
336 3155 380 3210 Pl.
387 3173 417 3224 p.
430 3160 498 3222 521)
509 3157 624 3210 seribere
633 3158 755 3211 debuisse
764 3162 880 3211 auuoiat
888 3156 1062 3210 Riieebelius.
1082 3155 1173 3225 ipsius
1182 3155 1293 3223 emplm

162 3226 245 3279 metri
264 3227 305 3280 sit
323 3227 452 3280 Boiliius:
477 3243 531 3294 pro
544 3244 598 3295 quo
612 3228 700 3281 leuius
713 3245 772 3282 eum
788 3231 909 3297 poluisse
921 3226 1003 3280 matri
1021 3226 1112 3295 ipsius
1127 3244 1172 3281 em
1192 3229 1249 3279 iem
1260 3224 1294 3277 eil

163 3298 242 3350 aridii
262 3298 434 3351 liiiselrelius.
508 3304 531 3351 7.
551 3297 722 3365 perspiciens
742 3299 768 3351 Z
842 3306 866 3354 8.
893 3299 991 3352 Venire
1010 3297 1039 3350 B
1113 3304 1140 3353 9.
1187 3297 1213 3351 ic
1231 3298 1295 3362 (ια

162 3376 191 3431 a)
206 3367 236 3421 D
309 3374 349 3422 10.
365 3368 494 3422 Vicinum
509 3369 585 3422 codd.
601 3368 723 3437 Pyladis.
753 3370 866 3428 Vicinus
881 3371 946 3424 libri
959 3370 1049 3422 nostri
1117 3369 1296 3438 premereshxr

163 3440 199 3492 l).
227 3442 391 3512 pmercaiur
408 3440 435 3492 B
509 3445 550 3493 11.
570 3439 771 3508 deprehensam
790 3443 855 3496 libri
925 3440 1026 3494 coniux
1040 3439 1068 3492 B
1144 3440 1216 3494 Eam
1232 3436 1297 3492 doni

163 3509 326 3576 deprensam
337 3510 455 3564 coniunx
465 3509 540 3563 illius
549 3511 624 3564 senis
633 3517 729 3565 eontra
739 3517 822 3566 oriem
830 3514 982 3566 Muellerus
990 3511 1069 3565 Pras.
1080 3511 1129 3565 Pl.
1134 3529 1165 3581 p.
1172 3515 1225 3565 173
1231 3510 1298 3565 ‹lebi-

163 3586 252 3633 iaaier
317 3588 357 3635 13.
374 3599 455 3648 expes
471 3581 636 3646 Saracenas,
653 3581 731 3635 Pius.
761 3600 856 3651 expers
866 3584 932 3636 libri
991 3588 1033 3635 14.
1049 3583 1207 3637 Prohibere
1220 3579 1300 3636 Boo

239 3652 333 3706 sodale
351 3666 394 3713 (so
408 3669 428 3705 s.
445 3662 480 3713 a.)
500 3652 530 3705 D
579 3655 688 3721 patrem
702 3671 735 3707 aa
749 3654 867 3722 patriam
882 3653 912 3705 D
960 3653 1038 3707 illius
1057 3657 1174 3721 patrem
1193 3652 1300 3707 Reate

234 3729 275 3776 15.
296 3723 430 3776 Hortatur
449 3741 512 3776 oum
531 3740 579 3777 suo
598 3728 679 3792 petro
697 3725 868 3780 liiisrirelius.
902 3725 970 3778 Orsi
983 3740 1049 3778 eum
1064 3741 1118 3778 suo
1133 3729 1258 3788 (cumsuo
1272 3721 1300 3785 Ol

163 3795 242 3859 patre
262 3794 334 3847 libri.
374 3794 476 3847 Exorat
490 3813 553 3847 eum
568 3813 616 3849 suo
632 3802 711 3863 petre
727 3795 876 3850 Muellerus
889 3795 966 3849 Pras.
984 3796 1029 3848 Pl.
1041 3814 1071 3863 p.
1092 3803 1139 3849 18.
1174 3800 1245 3851 Orsi
1261 3810 1303 3848 suo

164 3880 225 3914 cum
250 3867 328 3929 pairs
355 3865 481 3935 Pylades.
525 3865 628 3919 Onerat
650 3882 699 3919 suo
724 3883 787 3919 cum
811 3869 889 3936 pairs
913 3866 1089 3920 Gulielmius.
1138 3867 1209 3921 Cum
1233 3872 1304 3936 petre

163 3938 259 3984 exorat
277 3934 401 3989 Boiliius.
439 3936 509 3989 Orsi
527 3953 589 3989 eum
608 3953 657 3989 suo
677 3940 757 4005 putre
776 3954 831 3991 una
855 3937 999 4006 Ussiripius
1078 3943 1150 3993 nalo
1169 3939 1212 3993 uti
1231 3938 1304 3992 celet

163 4019 211 4054 suo
226 4003 350 4057 Boilrius.
384 4011 450 4060 neto
469 4011 501 4059 ut
519 4006 630 4060 eederet
649 4008 767 4073 (cederit
786 4009 824 4074 B)
844 4009 916 4062 libri.
949 4008 1017 4062 Nou
1036 4005 1180 4078 uipereor,
1204 4011 1250 4064 sed
1270 4024 1305 4062 so

162 4072 263 4126 laecum
281 4091 335 4129 esse
357 4080 436 4144 pistre
459 4077 501 4130 uli
524 4081 591 4131 nato
611 4080 723 4132 eederet
741 4079 906 4134 Rilsobelius
923 4085 1050 4133 auuoiai.
1090 4084 1162 4136 nete
1181 4086 1214 4135 ut
1233 4080 1305 4135 cedat

162 4147 243 4210 pater
262 4147 414 4200 Muellerus
429 4149 445 4200 l.
460 4165 480 4203 s.
495 4164 515 4202 s.
591 4149 658 4203 Posi
673 4150 897 4205 cedoreiaoeam
910 4167 933 4203 a.
949 4151 1017 4204 libri
1033 4152 1164 4206 addam:
1194 4153 1306 4206 Absenti

162 4216 351 4351 iiiiiailnllii)
370 4219 483 4342 issiido'
521 4219 574 4274 Seri
595 4220 642 4274 ‘in
659 4223 820 4276 emaculatis
837 4222 1039 4289 exemplaribus
1058 4239 1176 4278 mirram
1194 4226 1243 4279 hoe
1259 4238 1305 4275 aaa

689 4406 745 4411 ...-
758 4406 835 4413 η..-
