2956 5678
656 728 862 784 PRAEFATIO
1280 728 1331 784 XV

183 893 369 979 exemplum
398 892 610 960 musonem
638 892 731 957 nolui
759 893 949 976 relinquere.
1001 892 1198 958 Editionis
1228 893 1331 977 prin-

183 1002 284 1086 cipis
316 999 494 1085 scripturas
525 1005 562 1064 ut
593 998 755 1083 adderem,
792 998 901 1063 eadem
938 1022 990 1063 me
1026 1000 1118 1064 novit
1148 1001 1330 1064 auctoritas.

183 1107 289 1185 Quam
311 1130 378 1173 non
401 1107 500 1172 semel
523 1109 700 1171 correctam
722 1127 790 1171 esse
809 1127 849 1169 ex
868 1105 938 1188 ipso
958 1106 1067 1171 codice
1084 1106 1119 1170 Ε
1135 1106 1228 1170 facile
1247 1106 1331 1170 vide-

184 1217 267 1282 bunt
295 1217 352 1298 qui
378 1214 439 1280 hac
466 1213 607 1278 editione
629 1216 768 1277 utentiu.
816 1211 909 1288 Quod
932 1210 1126 1277 SCHOELLII
1150 1213 1332 1296 exemplum

184 1325 314 1386 secutus
341 1320 550 1404 appendicem
577 1320 617 1384 ab
646 1322 802 1403 apparatu
830 1318 976 1402 distinxi,
1003 1319 1035 1383 id
1059 1318 1169 1384 multis
1192 1341 1332 1384 commo-

184 1429 261 1493 dum
284 1428 355 1494 fore
378 1427 514 1493 confido.
551 1425 750 1492 Testimonia
768 1425 929 1490 OSBERNI
949 1426 1028 1491 olim
1047 1428 1194 1491 consulto
1214 1427 1333 1491 omissa

184 1557 242 1600 cur
265 1534 414 1600 adderem
437 1556 504 1599 non
527 1533 644 1598 inveni.

272 1641 398 1706 Fabula
410 1640 519 1705 Plauti
534 1663 612 1705 num
626 1640 778 1725 integra
796 1640 837 1704 ad
852 1661 912 1705 nos
931 1640 1112 1724 pervenerit
1129 1639 1225 1704 multi
1239 1662 1332 1723 quae·

184 1748 342 1813 siverunt:
370 1768 431 1812 nec
453 1746 569 1813 desunt
595 1769 677 1832 quae
701 1768 771 1811 eam
794 1747 1014 1829 quaestionem
1041 1747 1189 1812 excitent.
1234 1745 1333 1811 Velut

183 1853 260 1920 Lao
276 1852 336 1919 ‘Pl
350 1852 398 1919 F?
413 1878 443 1940 p.
461 1854 524 1919 179
537 1855 753 1919 narrationem
768 1855 949 1939 argumenti
963 1854 998 1917 in
1011 1855 1147 1939 prologo
1163 1852 1240 1917 olim
1255 1852 1333 1917 exti-

184 1960 262 2025 tisse
283 1960 442 2027 adfirmat
480 1960 636 2026 Versibus
659 1960 745 2024 enim
769 1960 868 2043 87sq.
887 1960 1044 2045 Epidicus
1064 1960 1142 2024 dicit
1165 1961 1231 2024 suis
1251 1959 1333 2025 dolis

185 2089 294 2132 senem
322 2066 496 2133 adductum
523 2089 606 2150 esse,
632 2071 670 2132 ut
696 2067 858 2132 fidicinam
887 2090 906 2131 a
928 2066 996 2131 filio
1022 2071 1160 2132 amatam
1184 2089 1242 2151 pro
1266 2067 1334 2130 filia
1401 2104 1414 2125 .

185 2179 320 2260 emeret,
346 2174 380 2238 id
408 2175 570 2258 quomodo
597 2175 668 2238 fieri
695 2174 788 2238 facile
810 2174 952 2258 potuerit
975 2196 1014 2238 ex
1038 2175 1182 2239 versibus
1205 2174 1333 2237 demum

186 2281 251 2346 634
268 2303 338 2366 sqq.
371 2282 467 2366 plane
503 2281 730 2368 intellegimus.
782 2281 875 2358 Quod
911 2287 1040 2367 poetam
1073 2282 1119 2347 sic
1156 2281 1333 2346 instituisse

185 2393 283 2476 negat
311 2387 402 2453 Lao:
437 2411 506 2454 rem
543 2393 636 2453 antea
670 2388 773 2454 fusius
807 2389 1026 2473 exponendam
1059 2389 1157 2455 fuisse
1192 2388 1333 2472 primum

186 2500 320 2580 propter
346 2518 375 2560 v.
402 2494 467 2561 598
501 2499 533 2560 et
563 2495 625 2559 169
658 2500 727 2560 tum
759 2500 892 2580 propter
924 2496 1188 2561 consuetudinem
1215 2499 1334 2559 oetero-

186 2603 265 2686 quin
298 2603 509 2668 observatam.
555 2602 625 2679 Qua
654 2603 689 2666 in
718 2624 752 2667 re
782 2603 890 2668 nescio
921 2626 962 2668 an
990 2603 1083 2687 plura
1110 2602 1257 2666 adfinnet
1285 2601 1335 2665 vir

186 2708 393 2774 doctissimus
426 2730 521 2792 quam
560 2709 757 2795 argumentis
790 2711 934 2774 evincere
966 2710 1077 2794 possit.
1131 2707 1231 2772 Fraus
1264 2708 1335 2791 ipsa

187 2836 243 2879 cur
261 2817 433 2899 aliquoties
452 2821 702 2881 commemorata
721 2818 763 2880 sit
781 2817 875 2881 facile
895 2817 1169 2901 intellegimus-
1186 2815 1335 2880 cohaeret

187 2924 272 2987 enim
302 2924 382 2987 haec
411 2945 461 2988 res
491 2944 565 2987 cum
596 2928 785 3008 argumento
817 2925 918 3008 ipsius
946 2924 1073 2987 fabulae
1106 2962 1145 2969 —
1178 2923 1334 2987 rationem

187 3029 309 3095 fraudis
328 3030 435 3094 minus
454 3030 679 3095 desideramus.
712 3029 833 3106 Quodsi
854 3052 934 3114 quae
954 3030 988 3094 in
1006 3032 1204 3114 paenultima
1222 3052 1336 3094 scaena

188 3141 359 3202 narrantur
382 3138 480 3202 simul
502 3138 673 3222 explicant,
696 3137 858 3220 quomodo
883 3139 1007 3201 servolo
1030 3137 1125 3200 fidem
1144 3137 1261 3201 habere
1280 3159 1334 3221 po·

188 3245 287 3309 tuerit
313 3266 423 3327 senex,
450 3246 484 3308 id
511 3246 616 3329 ipsum
646 3267 711 3309 non
742 3245 898 3328 spectavit
925 3248 1034 3328 poeta,
1064 3245 1118 3308 sed
1147 3244 1259 3308 docere
1282 3266 1336 3308 vo-

187 3352 262 3434 luit,
293 3353 454 3433 quomodo
483 3351 551 3415 sine
579 3350 691 3415 fraude
719 3353 862 3415 servolus
891 3351 1062 3436 genuinam
1085 3351 1185 3414 filiam
1208 3352 1335 3416 novisse

186 3461 307 3541 posset.
352 3457 433 3521 Mihi
456 3462 541 3523 certe
564 3457 731 3542 probabile
760 3462 808 3522 est
835 3462 1030 3543 spectatores
1055 3459 1088 3521 in
1111 3458 1221 3522 fraude
1245 3459 1335 3522 ouius

187 3563 347 3628 rationem
375 3586 440 3629 non
467 3566 561 3649 plane
589 3567 807 3648 perspicerent
829 3587 894 3628 non
918 3565 1021 3649 magis
1045 3565 1215 3628 offendisse
1239 3588 1336 3647 quam

186 3671 222 3734 in
251 3671 325 3734 aliis
358 3671 440 3735 dolis
471 3672 599 3735 fabulae
628 3673 724 3736 etiam
755 3673 1019 3755 perplexionibus.
1070 3670 1158 3747 Quae
1188 3693 1259 3734 cum
1291 3673 1337 3734 ita

186 3779 264 3859 sint,
288 3778 502 3842 coniecturam
526 3778 616 3842 illam
640 3816 676 3823 —
698 3779 875 3862 speciosam
895 3801 952 3862 per
971 3801 1005 3842 se
1031 3818 1066 3823 m
1088 3779 1201 3842 idoneo
1224 3777 1336 3840 funda-

184 3890 299 3949 mento
327 3905 434 3949 carere
462 3886 619 3950 existimo.
670 3883 708 3949 In
735 3886 862 3968 ceteris,
893 3890 930 3949 ut
958 3886 1067 3969 paucis
1096 3885 1174 3967 quid
1201 3885 1336 3948 sentiam

183 4012 358 4075 exponam,
372 3993 557 4055 etiamnunc
569 3993 653 4056 nihil
672 3993 810 4074 invenio,
825 3994 911 4075 quod
929 3993 1071 4056 fabulam
1086 3992 1336 4055 contaminatam

180 4121 256 4163 esse
287 4099 497 4181 demonstret,
523 4102 635 4162 contra
661 4120 728 4162 non
755 4119 857 4181 pauca
880 4121 961 4180 quae
984 4103 1040 4162 aut
1063 4098 1258 4162 obscuritate
1282 4100 1338 4159 aut

176 4206 291 4272 nimia
310 4206 466 4269 brevitate
483 4205 631 4269 laborent
648 4226 707 4269 neo
726 4206 794 4269 sine
809 4206 1035 4288 probabilitate
1055 4228 1092 4268 ex
1111 4203 1336 4269 retractatione

175 4312 291 4397 repeti
312 4312 445 4395 possint.
478 4310 688 4396 Quamquam,
707 4333 779 4375 cum
794 4316 918 4376 constet
932 4316 1060 4395 poetam
1076 4311 1228 4375 Graecam
1247 4309 1338 4373 fabu-

171 4426 249 4489 lam
273 4423 473 4501 retractasse,
491 4439 584 4503 aegre
605 4419 797 4502 dicasfipuid
816 4420 879 4504 ipsi
893 4417 1008 4482 Plauto
1025 4417 1175 4482 Graecam
1194 4418 1336 4482 fabulam

171 4527 337 4609 vertenti,
351 4525 429 4609 quid
442 4530 555 4610 poetae
569 4527 739 4591 recentiori
749 4525 899 4590 Plautina
912 4527 1097 4590 retractanti
1112 4526 1336 4589 adscribamus.

166 4638 342 4705 CAROLO
358 4630 632 4716 SCHREDINGER,
648 4634 703 4718 qui
722 4633 790 4698 sine
808 4633 1045 4699 retractationis
1060 4633 1241 4717 suspicione
1255 4632 1305 4695 dis
1326 4669 1337 4678 ·

165 4745 327 4814 cultates
357 4739 505 4822 expedire
532 4763 627 4825 posse
655 4742 717 4806 sibi
746 4743 913 4806 videbatur
942 4739 995 4829 (cf.
1024 4742 1091 4804 obs.
1121 4742 1150 4802 in
1176 4739 1210 4803 Τ.
1235 4738 1337 4802 Macci

160 4856 221 4923 Pl,
247 4847 441 4932 Epidicum,
465 4846 901 4931 schweinfurt1884),iuro
926 4849 988 4911 iam
1013 4849 1067 4911 alii
1092 4852 1167 4911 sunt
1186 4847 1337 4910 oblocuti.
