2956 5678
162 347 226 410 152
642 344 825 400 ΑΡΡΕΝΒΙΧ
1169 354 1301 401 rm-roe

161 508 301 576 Balbine)’
322 507 359 560 Il.
396 508 491 562 Totum
512 508 599 562 locum
616 508 677 562 ecel.
702 506 820 562 Wcieiue
839 509 873 575 (o.
899 511 1039 562 154-157
1064 508 1298 578 Sonuenbnrpim:

162 606 187 641 o.
206 591 248 655 m).
285 587 406 641 Brixiue
424 604 485 641 cum
503 589 567 642 olim
585 589 617 641 in
631 604 725 656 propr.
745 606 770 641 a.
791 592 864 643 1847
880 605 911 656 p.
929 594 997 657 teo.
1016 605 1041 645 o.
1063 593 1116 642 154
1131 597 1196 659 poet
1212 607 1235 646 o.
1254 595 1296 643 151

161 669 298 723 collocare
317 668 491 722 Menaechmo
509 672 673 723 cumo-152
693 669 894 722 continuaverit
912 669 1008 736 (deleto
1025 669 1112 737 atque
1131 674 1197 724 ante
1214 671 1297 737 hune),

160 755 257 817 postca
279 765 340 802 cum
366 747 496 815 Teuffelio
523 764 649 801 oeeeneue
677 753 715 800 cot
738 747 906 818 Lorlcuipio.
951 748 1204 817 I'rarrepoeitionerrr
1225 751 1296 804 otion

162 828 292 896 Buppiue
308 829 482 898 impupnorit
502 827 635 881 ‘I'idelrr.’
663 827 708 880 VI
721 845 750 896 p.
770 833 837 897 2⁸4.
856 829 902 897 (ef.
918 828 1019 882 Plulol.
1034 828 1188 884 XXVIII
1201 847 1229 898 p.
1238 832 1294 898 358)

160 925 214 976 pro
229 908 389 977 sepulcrum
403 909 472 962 coni.
487 909 609 974 bustum,
628 909 677 962 ubi
690 907 770 961 Clam
784 909 925 961 uxoremst
941 901 990 962 ubl
1010 907 1169 978 sepulcrum
1188 909 1292 963 habeam

164 989 305 1056 taaptooit
324 988 463 1042 Valelcnue
478 988 534 1041 leni
545 1003 612 1042 eane
625 989 776 1041 mutatione
789 988 845 1041 tria
858 989 930 1041 vitia
941 988 1067 1053 foediora
1081 990 1210 1055 inserere,
1227 988 1292 1044 Clam

165 1070 307 1122 uxoremst
323 1067 373 1122 ubi
391 1068 487 1137 pulcre
502 1066 657 1121 habeamus
677 1067 831 1134 Verinpiue,
849 1063 928 1120 Clam
946 1082 1062 1122 uxorem
1081 1067 1130 1122 ubi
1149 1067 1289 1138 sepulcrum

165 1148 328 1216 habeamus,
347 1147 388 1201 ibi
402 1166 425 1201 e.
443 1148 469 1201 d.
487 1147 628 1216 Onionep.
639 1152 682 1201 57.
720 1146 768 1200 Ea
785 1147 884 1215 quibus
901 1163 976 1202 unne
999 1147 1146 1219 Veeinpiur
1161 1153 1226 1202 rorte
1240 1165 1289 1202 een

164 1229 200 1282 eit
219 1227 377 1296 sepulcrum
393 1226 496 1281 hebere
516 1228 626 1281 minime
638 1227 796 1294 comparari
811 1242 889 1295 poree
902 1243 962 1282 cum
978 1227 1077 1295 ‘suune
1089 1228 1188 1294 sacerc’
1202 1231 1287 1283 ollt:

163 1324 249 1376 neque
271 1313 363 1361 tamen
384 1307 435 1361 boe
457 1308 645 1361 removendum
667 1307 817 1360 mutatione
837 1322 952 1375 prorene
975 1308 1165 1376 improbabili,
1189 1307 1232 1362 rell
1249 1325 1284 1360 er·

162 1388 327 1456 plicandnm
354 1388 434 1441 aliter
463 1404 496 1441 ex
524 1389 562 1440 cie
589 1387 718 1455 exemplis
744 1403 813 1455 auae
844 1388 931 1455 tetipit
960 1387 1114 1442 Lorenrr'ue
1139 1388 1176 1442 ad
1202 1387 1282 1442 Peerl.

164 1485 188 1521 r.
203 1471 259 1522 412
270 1466 305 1520 R.
326 1468 447 1521 adaerere
460 1468 564 1521 lacuna
577 1483 659 1536 quam
677 1467 733 1535 ipsi
750 1466 818 1520 libri
831 1467 964 1535 produnt.
1002 1469 1087 1535 etque
1098 1473 1161 1537 poet
1172 1467 1281 1521 orrum

166 1549 291 1603 delebant
309 1546 503 1602 Fleclceircnne
521 1549 625 1602 Annal.
644 1547 711 1614 plu‘l.
730 1544 812 1598 LXI
823 1564 852 1614 p.
868 1551 904 1600 19
924 1546 1137 1616 Lorenriueque,
1153 1548 1218 1617 quob
1232 1548 1280 1600 te·

162 1643 254 1696 prora
276 1628 419 1682 uerborum
443 1628 626 1696 explicatione
649 1627 759 1681 nititur.
798 1625 917 1679 onrem
940 1627 972 1680 in
994 1643 1089 1682 verene
1111 1628 1188 1682 initio
1202 1628 1278 1682 iterato

162 1708 253 1776 poeer'e
280 1708 365 1774 atque
393 1707 466 1760 hunc
494 1723 606 1761 uramur
635 1708 705 1775 (coll.
731 1707 795 1775 Lep.
824 1705 895 1759 XII
916 1708 970 1762 tob.
999 1707 1100 1777 froom.
1127 1706 1176 1761 XI
1190 1712 1219 1775 9,
1233 1707 1276 1772 cll

167 1786 223 1840 Vbi
240 1787 399 1856 sepulcrum
418 1786 571 1840 habeamus
590 1788 676 1854 etque
696 1787 891 1840 comburamus
908 1785 983 1840 hunc
1002 1785 1076 1841 diem
1097 1786 1219 1842 Goaria.

257 1873 314 1920 155.
336 1866 498 1920 dimidiatus
517 1867 656 1920 mortuoet
674 1884 734 1920 cmm
754 1865 843 1920 Gellio
857 1864 894 1919 Ἠ.
931 1866 1034 1922 Libros
1050 1871 1156 1922 occultet
1169 1883 1220 1921 erre
1233 1880 1274 1919 not

161 1953 276 2016 proptor
295 1963 326 2001 ea
344 1963 414 2015 quoe
431 1947 586 2015 disputavit
609 1945 745 2000 Volilenue
763 1946 858 2000 Herm.
878 1945 981 2000 XVII
993 1963 1024 2015 p.
1044 1950 1100 2001 617
1106 1963 1143 2016 eq.
1158 1947 1197 2015 (le
1209 1944 1274 2000 Gellio

165 2027 240 2094 solra
257 2029 396 2094 reserens),
414 2028 461 2081 eut
479 2028 545 2096 quia
565 2029 608 2080 eet
626 2042 687 2081 cum
702 2025 865 2081 dimidiatur
883 2027 1105 2096 eonimrpemlum
1120 2031 1219 2096 propter
1231 2039 1273 2078 rer·

165 2109 288 2172 tentiam,
305 2108 431 2161 mortuos
450 2124 510 2160 cum
529 2106 597 2160 dieo.
635 2106 678 2173 Os.
700 2107 777 2160 Trin.
797 2110 859 2160 494.

257 2192 316 2242 mo.
340 2186 502 2255 obloqueris
526 2187 657 2241 Botliiue:
681 2188 715 2253 cs.
740 2185 890 2241 Muellerus
913 2186 991 2242 Prae.
1014 2204 1043 2255 p.
1067 2192 1165 2258 olleo.
1186 2216 1212 2226 -
1227 2183 1272 2252 ‘ptr

169 2268 256 2323 solum
279 2273 430 2322 monstrum
454 2268 608 2335 scripturae
633 2267 705 2334 quod
727 2267 887 2336 perdomare
911 2266 1008 2321 neecil'
1036 2266 1080 2321 Il.-
1106 2285 1183 2338 aeque
1199 2262 1271 2335 prrdr

166 2364 256 2402 mucre
274 2347 455 2401 Buecbeluue
475 2346 551 2400 Mne.
569 2346 657 2401 Rben.
679 2345 749 2399 XII
757 2363 787 2415 p.
803 2350 903 2417 132eq.
923 2361 1062 2400 semorum
1082 2365 1116 2402 ce
1131 2349 1209 2419 pluero
1222 2358 1270 2397 nr·

166 2429 299 2482 mendane
318 2433 367 2481 aut
386 2427 519 2481 Lentulus
543 2427 608 2482 Var.
624 2429 697 2482 Lect.
720 2425 854 2495 (Bepiom.
868 2443 892 2480 a.
909 2431 996 2494 1852)
1008 2443 1040 2496 p,
1053 2431 1092 2482 25
1108 2424 1207 2496 pesculo
1221 2438 1269 2478 eorr-

167 2514 230 2562 ante
249 2508 424 2576 Modoipium
443 2507 514 2561 Aeto.
534 2506 575 2560 II
591 2524 621 2577 p.
643 2513 659 2562 7
679 2508 873 2576 Hoppiumqne
891 2507 997 2561 Annol.
1012 2507 1083 2576 phil.
1103 2504 1187 2562 orn
1194 2522 1218 2574 p.
1231 2503 1269 2556 rr

165 2589 248 2651 (oddo
257 2588 366 2642 ibidem
378 2587 580 2642 Fleckeisenum
592 2587 787 2657 Hertriumque
806 2585 876 2640 CIX
888 2603 918 2654 p.
936 2589 993 2641 250
1011 2591 1037 2640 et
1054 2586 1187 2656 Buppiun
1198 2581 1269 2652 Optu-

167 2667 204 2720 ael
222 2666 346 2735 Madoip.
371 2667 444 2720 mire.
464 2684 494 2735 p.
519 2671 588 2733 152)
614 2673 664 2721 ant
687 2667 829 2738 Koyecrue
847 2668 879 2722 ele
904 2665 1042 2735 peruolim
1062 2668 1178 2737 capitone
1191 2665 1216 2717 in
1228 2676 1269 2715 ocr-

168 2763 235 2801 sura
254 2746 359 2799 Annol.
379 2745 546 2814 Heidelberp.
568 2745 692 2799 XLVII
711 2750 748 2811 (a.
769 2749 853 2813 1854)
876 2763 904 2814 p.
923 2751 976 2801 419
1001 2748 1113 2810 (nedum
1132 2745 1238 2800 Orairirr
1250 2740 1270 2791 el

168 2844 215 2879 cor
234 2826 317 2879 eimul
333 2841 489 2893 proponens
515 2827 575 2880 Act.
599 2843 689 2896 pymn.
711 2827 802 2881 Berol.
830 2826 892 2878 XX
905 2843 935 2895 p.
954 2830 1031 2893 476).
1069 2825 1196 2895 Spenpetii
1208 2819 1269 2889 mpli-

168 2907 300 2959 cotionem
319 2905 419 2958 Pbilol.
442 2905 576 2958 XXVII
589 2922 619 2973 p.
639 2910 694 2959 340
719 2922 752 2959 ex
772 2906 855 2961 Poen.
874 2923 899 2960 o.
919 2911 973 2961 571
992 2907 1118 2962 loreolam
1135 2922 1188 2961 enm
1202 2900 1270 2956 nerito

168 2986 344 3052 exploeleeent
363 2983 553 3039 Fleckeisenue
579 2987 789 3055 Muellerueque,
820 2987 941 3055 ampleei
973 2993 1039 3041 eruet
1070 2987 1183 3041 Brieiur
1211 2978 1270 3047 Wot

167 3080 306 3132 neruoque.
345 3063 457 3119 Rectiue
482 3082 564 3134 quam
589 3067 621 3119 de
646 3067 702 3119 solo
728 3083 788 3120 eum
811 3067 953 3121 radicibus
977 3083 1065 3121 coerro
1088 3058 1272 3133 (Veeimirrldt

167 3145 290 3212 ipsorum
317 3144 455 3198 oculorum
483 3146 539 3199 eolo
565 3145 648 3199 simul
667 3146 792 3213 perfosso
820 3148 952 3216 copitobie
979 3148 1039 3202 coll.
1063 3139 1272 3200 ernnusto.

169 3223 250 3277 Theb.
269 3222 349 3278 155.
388 3223 510 3278 Ceterum
537 3225 649 3293 pessulo
674 3241 708 3278 ne
736 3226 838 3280 Titinii
863 3226 970 3294 quibem
995 3242 1020 3281 o.
1047 3230 1083 3280 30
1108 3230 1172 3281 recte
1191 3218 1274 3290 &ferdi

165 3304 275 3372 poterit.

259 3387 309 3436 159
319 3400 356 3452 ea.
376 3384 412 3438 eb
432 3383 543 3438 lenonio
563 3400 632 3439 cauo
651 3384 764 3440 Parcus.
801 3385 871 3439 Mor
885 3391 950 3455 poet
968 3385 1011 3440 Eu
1030 3387 1073 3454 (rte
1091 3403 1142 3458 auo
1158 3386 1189 3453 ef.
1205 3380 1278 3438 Foe-

168 3464 275 3517 eiecnue
284 3463 422 3532 Pleilolopi
436 3465 477 3517 II
483 3482 513 3532 p.
528 3466 576 3533 88)
596 3466 658 3518 diet.
677 3464 797 3518 Botleiue
816 3466 908 3534 (culpo
922 3471 987 3535 poet
1007 3466 1133 3535 edepol):
1149 3465 1213 3535 quob
1224 3461 1279 3515 ‘lle-

167 3546 295 3599 nocclemo
331 3546 490 3599 continuari
522 3545 633 3599 rectiue’
672 3544 809 3599 Vallenue
840 3547 980 3614 opinatur.
1027 3547 1067 3601 Ae
1099 3548 1132 3614 es.
1160 3546 1280 3615 binemus

169 3625 279 3679 ‘Bata’
297 3642 326 3692 p.
347 3629 408 3678 zoe.
1151 3644 1154 3650 ·

258 3709 307 3758 164
315 3722 353 3773 eq.
378 3703 466 3758 Verba
485 3706 597 3773 captum
618 3705 656 3758 sit
674 3704 823 3773 collegium
842 3704 973 3759 Peniculo
993 3707 1092 3760 tribuit
1109 3705 1217 3775 Liper'us
1232 3704 1282 3756 Au.

167 3786 223 3838 leet.
236 3785 276 3836 II
288 3789 332 3852 13,
349 3785 399 3837 ubi
413 3801 549 3852 augurum
565 3786 596 3837 in
609 3787 663 3851 fine
677 3786 734 3838 aeli.
745 3783 872 3852 Pylades,
892 3782 916 3835 si
934 3784 990 3838 siet
1008 3801 1077 3840 corr.
1097 3803 1156 3840 cum
1170 3781 1284 3840 Bouron

168 3863 233 3917 deo.
247 3870 295 3916 165
311 3865 414 3919 eddom
434 3865 592 3918 ‘eontentiae
609 3882 715 3918 summa
734 3865 859 3918 dubitari
877 3866 971 3932 nequit
984 3867 1052 3934 quin
1061 3866 1128 3919 baec
1140 3866 1229 3930 fucit:
1244 3878 1287 3914 ron

168 3942 264 3994 rneliue
277 3945 460 3998 coniecturum
474 3961 555 4012 quom
569 3951 660 3998 mearet
670 3943 760 4013 puto.’
781 3943 843 3996 luet
853 3960 905 4012 pro
925 3945 980 3996 siet
994 3946 1153 4002 ,Muellerus
1171 3939 1286 3998 ‘Nomi‘

164 4035 194 4086 p.
210 4022 254 4072 83.
287 4019 430 4091 Veriupiue
444 4025 595 4091 temptauit:
611 4024 660 4076 Pu.
672 4025 746 4092 Cape
757 4021 793 4076 eis
804 4040 941 4091 augurum
956 4024 1108 4094 collegium
1118 4024 1289 4081 Coniectum

169 4097 215 4163 qui
234 4099 378 4153 meliorem
397 4101 484 4155 lucini
501 4119 557 4157 non
576 4103 722 4158 inueneris.
761 4103 815 4157 Leo
835 4103 850 4157 l.
871 4119 891 4157 e.
906 4120 926 4157 e.
943 4121 974 4172 p.
988 4109 1024 4159 21
1031 4127 1039 4158 :
1059 4105 1088 4158 id
1108 4105 1290 4173 undecuplum

169 4176 213 4230 eit.
234 4177 283 4231 Pu.
296 4178 451 4249 Collegium
466 4185 475 4252 Ι]
489 4182 670 4237 Conuoeaesie
679 4184 859 4252 hariolorum,
874 4186 1023 4241 certiorem
1034 4185 1240 4240 heudfeeeriut.
1263 4184 1293 4236 Ar

168 4257 284 4310 elicorum
307 4277 433 4315 aerenum
452 4268 547 4330 partes
571 4267 705 4331 conflatae
728 4283 781 4320 esse
803 4268 948 4320 oberrante
971 4267 1089 4321 librario
1112 4284 1132 4320 a
1156 4265 1200 4320 cui
1218 4264 1252 4318 eit
1267 4263 1295 4317 ml

169 4339 282 4422 coptum
311 4340 360 4405 ait,
387 4342 450 4408 ipra
472 4360 514 4396 ree
537 4345 612 4398 <locet
635 4351 659 4398 et
686 4347 849 4413 confirmant
867 4346 982 4416 ocetipio
999 4346 1180 4400 Ambromonr'
1198 4349 1239 4413 (ex
1255 4360 1296 4415 orto

168 4428 258 4468 rnenne
274 4424 343 4472 recte
361 4434 557 4478 melincotum
823 4431 849 4480 et
875 4439 1295 4480 uU0·.·.·s··AuA—-
