2956 5678
171 812 319 862 eoi-318
657 804 844 860 ΑΡΡΕΝΒΙΧ
1257 807 1318 873 161

267 973 327 1023 301.
347 966 446 1035 Neque
465 967 578 1021 hercule
593 968 683 1021 habeo
697 967 816 1021 Bottine
834 969 947 1038 itemque
966 969 1021 1024 alio
1039 973 1155 1038 tempore
1169 970 1320 1024 Bentleiue.

174 1080 209 1089 -
230 1049 293 1118 quie
311 1048 349 1103 uie
367 1047 451 1103 homo
471 1047 658 1102 Camerarius:
676 1048 709 1102 de
728 1045 812 1115 quim)
831 1049 866 1112 es.
887 1047 1007 1103 Beierue
1025 1050 1042 1103 l.
1062 1064 1083 1103 e.
1102 1065 1123 1103 e.
1142 1065 1169 1117 p.
1189 1053 1233 1104 95.

267 1135 328 1184 302.
347 1128 411 1184 Non
437 1131 468 1181 tu
494 1127 548 1183 ueie
574 1127 698 1182 Koelliue
720 1128 824 1182 Annei.
847 1130 916 1197 pleil.
936 1127 1029 1182 CVII
1053 1145 1079 1197 p.
1099 1132 1172 1196 241,
1199 1128 1320 1183 Briniue

172 1211 207 1264 in
231 1210 375 1264 Adtendis
397 1214 478 1263 antea
501 1209 619 1262 mendene
646 1207 709 1262 Non
733 1208 820 1262 nosti:
847 1210 881 1274 es.
901 1210 939 1263 ael
956 1226 980 1263 v.
995 1213 1055 1265 292
1065 1225 1119 1278 sqq.
1147 1240 1178 1248 -
1207 1208 1320 1264 tibimet

174 1288 226 1357 qui
253 1288 296 1342 It:
324 1289 358 1357 ef.
384 1288 590 1344 Smaemnuom
615 1288 721 1342 Annol.
743 1288 813 1356 phil.
843 1288 960 1343 XCIII
979 1306 1008 1357 p.
1034 1293 1085 1355 64,
1117 1289 1278 1359 Kaempfiue
1301 1292 1318 1344 l.

173 1384 196 1422 e.
216 1384 238 1423 e.
254 1386 284 1438 p.
304 1373 347 1423 34.

265 1454 326 1504 304.
346 1449 459 1518 quicum
478 1448 520 1502 illi
540 1447 647 1502 homini
667 1446 795 1518 Pyladea.
815 1447 858 1502 illi
876 1449 924 1517 qui
942 1448 1048 1504 homiui
1068 1448 1251 1505 Camerariue.
1270 1449 1319 1518 qui

173 1525 283 1582 homiui
306 1528 351 1582 illi
368 1529 495 1583 Bottiue.
532 1526 580 1595 qui
602 1525 646 1580 illi
669 1526 784 1582 homoni
807 1529 944 1597 Beryliuo
968 1529 1066 1598 Opuee.
1090 1528 1112 1580 I
1127 1546 1157 1598 p.
1177 1532 1238 1584 149.
1275 1529 1319 1583 De

174 1606 235 1661 illie
253 1609 347 1663 dativo
365 1625 426 1664 eum
450 1611 479 1664 lli
501 1609 611 1675 iaciunt
632 1607 813 1663 Buechelerne
835 1610 868 1662 de
890 1609 955 1664 deel.
976 1627 1006 1678 p.
1026 1612 1063 1663 59
1080 1609 1250 1678 Briaiueque
1269 1611 1317 1677 (ef,

174 1689 214 1741 nd
233 1688 296 1742 Mel.
315 1705 339 1744 a.
359 1692 444 1756 352),
471 1705 532 1743 eum
556 1686 683 1755 Veeineio
710 1686 819 1741 anonae
844 1687 982 1742 Belomiue
1001 1688 1035 1743 ele
1059 1688 1139 1741 niatu
1161 1686 1204 1741 Pl.
1224 1705 1254 1757 p.
1273 1693 1317 1744 41.

175 1799 209 1808 -
233 1768 263 1822 V.
282 1775 335 1824 306
354 1770 412 1823 noli
429 1768 494 1822 ueni
513 1782 603 1834 neque
621 1764 680 1819 uidi
696 1782 751 1834 pro
769 1766 829 1820 uidi
847 1783 937 1837 neque
955 1767 1034 1822 ueni.-
1052 1768 1087 1834 ef.
1106 1784 1130 1821 u.
1151 1770 1206 1821 500
1213 1783 1262 1836 oq,
1281 1770 1317 1824 al.

266 1853 327 1903 308.
347 1848 461 1904 Servate
474 1844 593 1902 Habitus
608 1846 740 1900 Bottiue:
759 1846 788 1900 di
803 1847 876 1914 illos,
896 1847 945 1916 qui
962 1845 1007 1901 illi
1025 1846 1163 1913 habitant,
1182 1845 1320 1913 homines,

174 1927 220 1981 It:
239 1928 288 1995 qui
307 1926 337 1981 di
354 1925 419 1982 illos
438 1927 486 1995 qui
504 1925 563 1981 illia
578 1927 709 1981 habitant
729 1929 904 1998 ‘quamquam
918 1927 1000 1980 etiam
1017 1925 1065 1995 qui
1080 1924 1109 1978 di
1122 1924 1251 1980 hominen
1271 1925 1319 1993 qui

173 2005 235 2060 illie
250 2007 405 2077 potueram’
425 2008 508 2076 (illud
526 2008 636 2061 admitti
653 2023 710 2061 non
723 2009 847 2076 potuisse
863 2007 1014 2077 Lenaeum
1032 2007 1225 2060 demorntraoit
1243 2006 1318 2062 Mne.

173 2086 262 2142 Rleen.
284 2086 358 2140 XII
370 2104 400 2156 p.
415 2090 479 2152 430,
496 2086 546 2141 noe
559 2086 727 2157 Seyffertue),
745 2082 940 2142 Fleeleieenue
957 2086 1034 2140 Ann.
1048 2086 1118 2154 pln'i.
1133 2085 1212 2139 LXI
1222 2102 1252 2154 p.
1268 2092 1320 2140 51.-

173 2166 203 2220 di
219 2169 224 2235 Ι
241 2168 384 2234 homiues,
411 2167 459 2234 qui
484 2165 543 2220 illie
570 2166 714 2235 habitunt,
742 2168 897 2222 Bentleiue:
923 2164 952 2219 di
978 2182 1025 2220 eoe
1049 2165 1176 2220 homiues
1195 2184 1221 2234 q.
1241 2166 1259 2220 i.
1279 2166 1318 2234 h,

173 2246 336 2316 Spenqeliue
352 2247 455 2324 ΙΡῙηἹοῑ.
473 2245 597 2300 XXIII
611 2263 639 2315 p.
655 2251 723 2301 560:
744 2247 773 2300 di
791 2247 872 2301 illum
890 2246 1031 2300 homiuem
1051 2246 1098 2314 qui
1118 2244 1178 2298 illie
1196 2244 1318 2313 habitat,

175 2325 283 2381 Onione
300 2327 318 2380 l.
337 2342 358 2380 e.
376 2342 398 2380 e.
413 2342 444 2394 p.
464 2329 518 2379 60:
537 2324 565 2377 di
584 2324 663 2378 illum
684 2342 780 2380 omues
799 2325 848 2396 qui
866 2325 926 2380 illie
944 2324 1057 2380 habitet
1075 2325 1167 2393 (illum
1187 2355 1221 2365 -
1240 2326 1318 2380 habi·

173 2408 218 2458 tet
236 2423 255 2460 a
271 2405 414 2476 Spenoelio
431 2420 548 2468 eumene,
568 2420 663 2458 omuee
678 2421 696 2457 a
710 2405 859 2476 Seyfferto).
898 2404 966 2458 &em
980 2405 1111 2475 Seyffert)
1126 2405 1238 2471 faciunt
1252 2405 1317 2461 Bri·

171 2487 247 2552 niue,
272 2485 410 2539 Valrlenue
428 2484 492 2540 Ina.
512 2485 570 2539 leet.
589 2491 653 2539 aeut.
673 2504 698 2540 a.
719 2491 794 2541 1880
809 2503 838 2555 p.
858 2487 908 2552 13,
926 2484 1064 2538 Belmeiue
1079 2501 1109 2554 p.
1129 2489 1174 2540 12.

263 2571 325 2619 309.
350 2565 418 2620 Vide
436 2565 543 2634 Protea.
565 2564 643 2618 Irin.
666 2582 695 2634 p.
716 2566 843 2621 LVIII.
881 2565 989 2617 Insanit
1006 2564 1136 2631 equidem
1155 2564 1319 2621 Ribbeekiue

171 2646 205 2699 de
219 2648 324 2714 partie.
341 2662 370 2714 p.
384 2649 418 2699 41
437 2646 595 2714 refrenante
614 2645 741 2700 hulleto.
784 2645 820 2698 Vt
833 2645 1046 2713 dittoyrapleiam
1064 2660 1088 2697 o.
1103 2647 1160 2698 312
1178 2645 1229 2698 del.
1248 2646 1317 2700 Son·

171 2726 358 2794 nenbmraiue:
376 2726 410 2792 ef.
430 2726 468 2779 ael
484 2741 508 2780 n.
529 2728 583 2778 312
596 2740 633 2794 eq.

263 2809 380 2874 alleqq.
399 2803 542 2874 pollicitus
565 2821 615 2858 om.
640 2820 669 2857 es
693 2806 807 2873 itemque
830 2820 914 2858 eunus
938 2805 998 2872 (nbi
1021 2804 1114 2857 euuu's
1133 2804 1214 2858 etium
1232 2804 1316 2859 Bent-

169 2886 240 2939 leiue
258 2885 292 2938 in
310 2884 419 2939 Plemm.
439 2885 504 2950 13,
523 2886 571 2953 12)
590 2885 642 2950 def.
666 2884 780 2939 Oleenue
795 2902 824 2954 p.
836 2889 881 2939 38.
902 2890 926 2939 7.
964 2884 1008 2937 De
1026 2883 1096 2936 mihi
1115 2898 1198 2950 quem
1213 2885 1317 2938 dudum

168 2963 327 3034 pollicitu'u
342 2966 420 3034 coeit.
432 2966 468 3019 Il.
503 2963 603 3018 Vereme
615 2970 666 3017 312
677 2981 714 3034 eq.
729 2968 820 3020 versui
834 2971 886 3019 314
902 2981 964 3019 enm
976 2964 1134 3018 Oarnerario
1147 2970 1173 3018 et
1181 2965 1318 3033 plerisque

166 3045 287 3098 subiecit
305 3042 336 3096 It
353 3045 525 3112 contemnens·
539 3043 690 3097 Nummum
708 3044 787 3098 illum
804 3089 809 3099 .
826 3089 831 3100 .
848 3088 854 3100 .
870 3046 945 3112 dure,
964 3044 1062 3098 lubens
1078 3084 1083 3096 .
1100 3084 1105 3095 .
1122 3086 1127 3099 .
1144 3044 1246 3098 adferri
1265 3044 1318 3099 tibi

167 3125 256 3190 (mede
271 3123 391 3177 Nummo
406 3122 456 3179 illo
472 3125 569 3178 Douea
587 3139 655 3177 eorr.
676 3125 795 3190 offensus
813 3128 844 3179 in
862 3125 1046 3193 attractione),
1064 3127 1167 3180 eosdem
1181 3143 1233 3195 per
1247 3144 1316 3195 par—

166 3205 294 3259 entlteein
318 3205 440 3258 exhibuit
467 3204 633 3272 Geppertue,
655 3205 764 3259 eeelneit
785 3221 847 3260 vero
872 3206 937 3260 olim
966 3205 1104 3259 Volelenue
1126 3205 1202 3260 Mne.
1229 3205 1316 3260 Ilten.

167 3283 254 3337 XVI
264 3300 297 3352 p.
316 3288 371 3337 635
389 3290 414 3338 et
439 3301 528 3352 nuper
553 3283 708 3352 Veeineiue:
738 3302 806 3355 quae
830 3287 998 3355 euepieionee
1011 3286 1118 3354 partim
1141 3287 1201 3340 alia
1218 3287 1318 3340 tollunt

168 3364 216 3431 (ef.
239 3369 304 3432 post
329 3364 463 3418 Brittium
487 3364 637 3432 Lanuenue
655 3364 735 3419 seua.
757 3366 803 3419 Pl.
824 3383 854 3436 p.
874 3369 921 3435 43)
940 3367 1047 3435 partim
1073 3365 1096 3419 ei
1120 3382 1164 3420 me
1188 3366 1317 3420 consulas

169 3474 203 3482 -
224 3444 248 3496 ei
275 3442 368 3512 sapiae
395 3445 465 3499 male
491 3445 524 3498 in
546 3461 631 3497 unam
654 3447 869 3501 enuntiationem
892 3448 996 3501 tunna.
1042 3445 1134 3515 Quare
1156 3462 1217 3501 eum
1239 3463 1317 3501 nemo

168 3523 253 3588 fneile
272 3524 305 3577 de
323 3523 425 3578 laenna
444 3525 617 3593 eooitaoerit,
637 3524 703 3578 dure
722 3527 884 3580 mutantium
903 3532 962 3581 erat
981 3527 1026 3594 (ef.
1050 3526 1109 3580 Ter.
1130 3527 1230 3596 Heeyr.
1251 3532 1318 3592 786,

170 3605 231 3672 nl),
247 3619 302 3670 pro
319 3620 372 3672 quo
389 3605 438 3657 oia
456 3619 537 3673 pares
552 3606 714 3672 praestabit.
1263 3615 1270 3627 ·

262 3687 323 3736 316.
342 3681 384 3735 Tu
404 3683 496 3737 hercle
515 3684 628 3737 insanus
647 3684 730 3738 homo
751 3701 780 3738 es
800 3688 918 3739 multum
939 3689 980 3754 (et
997 3685 1109 3740 odiosus
1128 3688 1208 3757 mihi)
1231 3687 1317 3756 Pylo-

170 3763 224 3816 dee.
263 3760 325 3815 Heu
343 3764 437 3818 hercle
455 3763 596 3817 hominem
616 3764 762 3818 molestum
785 3763 958 3818 Camerarius
978 3770 1002 3817 et
1017 3770 1081 3832 poet
1099 3781 1159 3818 enm
1177 3766 1318 3821 Lemanue

169 3859 196 3910 p.
217 3846 256 3895 50
279 3842 498 3913 Waqnerueque‚
520 3844 593 3897 unele
616 3844 677 3896 Heu
696 3846 849 3897 retinerent
867 3860 973 3908 ornnes,
992 3845 1049 3896 niet
1067 3846 1139 3911 quod
1158 3845 1200 3898 Eu
1220 3845 1318 3900 Flect-

170 3923 279 3976 eieenue
303 3928 409 3978 tulatue
436 3931 475 3978 eet
504 3923 603 3977 Philol,
623 3923 663 3975 II
684 3940 713 3990 p.
733 3929 769 3977 84
792 3925 910 3977 mirante
934 3921 963 3974 et
985 3924 1134 3991 iterumque
1158 3924 1318 3992 Spenyelius

172 4002 276 4056 Plilol.
300 4003 424 4057 XXIII
444 4021 474 4073 p.
493 4008 546 4058 179
571 4003 652 4071 (adde
671 4004 727 4057 leet.
755 4004 798 4057 Pl.
819 4020 849 4071 p.
870 4006 886 4055 3
905 4008 930 4056 et
949 4002 986 4056 ad
1006 4002 1117 4056 Trucul.
1139 4003 1249 4070 1112,
1268 4006 1318 4072 27)

171 4084 292 4136 mirante
315 4083 448 4154 Iamno
474 4084 585 4138 ‘Belin’
610 4101 639 4152 p.
668 4089 721 4137 199
747 4083 793 4152 (es.
817 4083 898 4136 etiam
924 4081 1075 4135 Muellerus
1099 4081 1178 4135 Proe.
1194 4100 1224 4150 p.
1244 4086 1318 4152 716).

170 4163 234 4215 Heu
258 4165 268 4231 Ι)
291 4162 391 4218 Hercle
419 4163 562 4218 homiuem
589 4163 715 4232 ineptum
740 4162 858 4215 multum
882 4160 918 4216 Ἠ.
958 4161 1018 4213 Heu
1041 4158 1153 4214 hercule
1177 4163 1318 4216 hominem

170 4242 294 4297 multum
321 4242 471 4297 Bentleiue,
508 4244 570 4297 Heu
598 4244 691 4297 hercle
719 4245 867 4297 homonem
890 4240 997 4294 mulum
1020 4241 1155 4309 Bereliue
1180 4242 1319 4310 Opuee.I

167 4341 198 4393 p.
220 4326 277 4376 148
300 4324 373 4390 (mon
397 4321 518 4375 multum
537 4322 589 4387 def.
605 4338 635 4390 p.
656 4327 726 4388 156,
746 4325 784 4391 6).
822 4322 883 4376 Heu
902 4321 996 4374 hercle
1019 4321 1161 4376 homiuem
1180 4322 1317 4376 insulsum

177 4402 332 4470 Vesinyiue.
370 4402 412 4456 De
430 4401 552 4455 inuisum
567 4417 621 4469 pro
640 4401 759 4455 multum
778 4403 914 4470 eoqitabat
924 4401 1036 4455 Riesiue
1049 4401 1087 4454 ael
1103 4401 1207 4457 Catulli
1220 4420 1241 4457 e.
1253 4408 1319 4470 112,

165 4481 202 4534 de
229 4479 348 4532 stultum
366 4481 570 4535 Laelrmannue.
598 4481 690 4536 Poeeis
713 4480 774 4536 Heu
793 4482 892 4550 edepol
912 4481 957 4548 (ef.
976 4498 1002 4536 a.
1021 4484 1060 4535 92
1079 4482 1156 4548 adn.)
1176 4484 1317 4537 homiuem

166 4559 296 4614 multum
314 4561 355 4614 ael
373 4578 406 4615 ex
431 4562 519 4615 altera
539 4567 619 4628 parte
639 4563 699 4615 Heu
722 4562 814 4616 hercle
838 4561 980 4615 hominem
1006 4560 1110 4615 olidum
1134 4562 1255 4616 multum
1278 4565 1320 4617 vel

163 4640 292 4696 mmuia:
308 4641 355 4693 eed
372 4641 457 4694 multo
472 4641 647 4707 probabitiue
661 4644 692 4695 in
706 4658 798 4697 verens
811 4643 893 4695 initio
907 4642 966 4695 eine
984 4641 1068 4694 dnbio
1087 4649 1215 4709 corrupto
1233 4659 1318 4696 unum

163 4720 343 4788 corruptelae
356 4720 442 4773 eedem
460 4736 572 4787 quae-ree
586 4722 618 4773 tu
632 4724 733 4774 nonin
753 4723 814 4774 Heu
828 4726 949 4787 mutans,
968 4720 1014 4773 sed
1030 4737 1081 4787 pro
1101 4722 1229 4774 adieetivi
1247 4721 1320 4774 velut

162 4803 314 4868 Ineptum,
333 4798 494 4865 Molestum,
512 4801 571 4853 eim.
592 4801 667 4853 exitu
685 4800 793 4855 leubene.

263 4884 365 4947 3lleq.
384 4878 444 4932 Hos
468 4895 560 4932 uerene
575 4885 638 4947 pom
663 4896 684 4931 o.
705 4885 756 4933 286
775 4882 866 4934 reiecit
889 4897 923 4933 en
942 4886 1024 4947 parte
1043 4880 1251 4950 Sennentnryio
1270 4883 1316 4935 ael·

224 4979 322 5017 Puuvui
336 4978 494 5018 Munnueum.
1074 4979 1103 5022 ll
