2956 5678
162 318 223 381 198
596 318 858 373 ΕΡ111111011ΕΝΑ

160 482 345 546 1111111111
364 483 442 546 haec
462 482 559 546 verba
582 483 621 546 ad
641 481 747 546 Festi
770 483 894 566 ipsius
917 482 1036 547 librum
1059 481 1218 547 revocavi.
1258 481 1306 546 De

164 589 269 673 priore
292 590 362 652 loco
387 588 458 653 vide
481 611 563 673 quae
586 589 620 652 in
645 589 821 673 appendice
845 589 1001 653 adnotata
1024 593 1109 653 sunt.

249 693 461 778 Placidum,
486 697 540 779 qui
560 697 723 760 immerito
743 697 777 759 in
796 695 905 761 codice
924 693 1112 762 (loreiano
1132 694 1183 759 ‘in
1199 695 1307 761 Plauti

163 799 360 865 comoedias'
384 803 510 886 glossas
535 802 702 886 scripsisse
733 802 863 886 dicitur,
886 824 951 867 non
980 801 1076 867 modo
1101 801 1308 866 Plautinas

165 910 289 991 glossas
318 910 497 993 continere,
526 911 581 974 sed
609 931 626 973 e
655 910 765 974 multis
796 910 1009 993 scriptoribus
1043 913 1076 974 et
1103 910 1208 994 poet-is
1242 909 1307 975 col·

112 1064 118 1075 .
168 1016 266 1079 lectas
298 1014 462 1082 Lonwrvs
491 1016 603 1080 Prodr.
626 1041 656 1101 p.
674 1018 737 1081 154
765 1022 851 1081 recte
882 1016 1016 1080 monuit.
1061 1015 1157 1082 Haud
1185 1039 1312 1103 paucae

166 1123 292 1206 glossae
311 1124 350 1186 ad
374 1127 557 1207 fragmenta
576 1123 724 1187 videntur
745 1129 900 1207 spectare,
919 1144 1002 1207 quae
1022 1122 1151 1189 Plauti
1174 1145 1248 1189 esse
1270 1146 1310 1189 ex

164 1228 258 1292 certis
287 1231 483 1294 testimoniis
512 1234 649 1296 constat.
688 1228 726 1294 In
750 1231 881 1314 reliquis
913 1251 1039 1314 quoque
1069 1231 1193 1314 aliquot
1221 1232 1311 1316 frag-

164 1338 272 1399 menta
296 1336 475 1400 Plautina
503 1338 604 1401 latere
633 1337 766 1400 minime
795 1336 1010 1421 improbabile
1034 1340 1125 1420 puto:
1153 1337 1209 1402 sed
1236 1344 1311 1421 quis

164 1442 401 1507 demonstrabit
414 1443 498 1507 hanc
513 1445 563 1509 vel
579 1443 669 1507 illam
685 1444 827 1527 glossam
846 1443 916 1507 iure
933 1443 1152 1507 Plautinam
1170 1443 1311 1509 haberi?

164 1549 276 1633 Neque
300 1551 385 1613 enirn
410 1552 517 1633 prisca
546 1552 650 1615 forma
678 1549 758 1613 satis
787 1556 836 1613 est
865 1550 1048 1634 argumenti
1076 1572 1179 1635 neque
1203 1572 1243 1616 ex
1267 1551 1310 1614 11-

87 1666 98 1755 ’1
163 1656 248 1720 11111
267 1655 534 1722 Plautinarum
555 1658 737 1741 glossarum
757 1657 834 1720 certi
856 1657 1031 1741 quidquam
1051 1658 1162 1743 colligi
1183 1662 1310 1740 potest:

64 1834 70 1845 ,
165 1768 201 1828 11
223 1785 263 1827 11
287 1768 355 1828 1111
380 1765 508 1848 quidem
534 1765 571 1828 de
594 1763 776 1828 Plautina
799 1763 952 1847 origine
976 1769 1110 1846 constet,
1130 1766 1159 1828 si
1183 1762 1310 1830 duabus

164 1870 280 1954 glossis
304 1877 388 1934 certe
411 1871 607 1935 Plautinis
628 1871 725 1934 tertia
746 1871 868 1934 inserta
887 1870 941 1954 sit,
961 1892 1043 1954 quae
1064 1893 1121 1953 per
1142 1892 1177 1935 se
1196 1870 1306 1936 Plau·

164 1978 246 2041 tina
261 1999 331 2042 esse
346 1979 456 2060 possit.
481 1977 566 2041 Hinc
581 1981 674 2041 caute
693 1977 880 2058 accipienda
894 1998 976 2060 quae
992 1976 1308 2044 Rnrrzrsusrnmlvs

165 2083 273 2150 ‘Vern
297 2082 440 2149 Forsch?
464 2085 555 2168 [119
581 2084 673 2148 dicit:
703 2082 787 2147 ‘Das
811 2082 1064 2163 111111111111
1087 2084 1246 2151 Goaiuula
1267 2086 1311 2151 ist

164 2192 196 2255 in
225 2192 287 2255 den
314 2191 502 2255 erhaltenen
533 2189 674 2255 Stdcken
702 2190 856 2274 nirgends
885 2190 1084 2255 11111111111.
1131 2189 1225 2257 Doch
1253 2192 1311 2257 1111

165 2297 312 2363 Placidus
337 2297 479 2375 1213
505 2298 715 2361 unmitlelbar
738 2297 821 2360 nach
846 2297 904 2361 der
927 2296 1171 2385 Plautiniechen
1191 2298 1310 2366 Gloaae

163 2405 356 2493 Conspicillo·
378 2407 409 2469 in
444 2406 548 2468 ciuem
584 2403 772 2486 Absehnitt,
807 2404 862 2467 der
898 2403 964 2469 fast
1001 2426 1084 2490 gana
1121 2406 1181 2470 auf
1214 2408 1308 2471 einen

164 2512 499 2577 Plautuscommentar
537 2511 746 2594 zurllckgeht:
788 2508 958 2589 Coniuolis,
986 2512 1088 2576 crebro
1119 2514 1310 2579 nutantrbus.

164 2619 240 2683 Man
264 2620 337 2683 dari
359 2620 457 2684 daher
482 2618 672 2698 annehmen‚
696 2617 770 2682 dass
791 2618 848 2681 das
869 2616 966 2683 Wort
990 2618 1153 2684 entweder
1176 2620 1212 2684 in
1237 2620 1309 2685 dem

162 2727 330 2790 verlornen
358 2727 450 2790 Tlrail
481 2726 537 2789 der
566 2723 749 2789 Cistellaria
778 2724 855 2789 oder
884 2725 918 2788 111
949 2726 1052 2789 111111
1082 2725 1175 2791 11111
1205 2727 1310 2792 erhal·

164 2843 259 2897 terren
284 2831 384 2897 sear-k
408 2834 463 2897 des
488 2831 621 2895 Plautus
647 2830 767 2894 stand'.
806 2829 852 2895 Cf.
877 2832 961 2896 idem
985 2856 1014 2916 p.
1035 2832 1086 2898 65.
1125 2831 1216 2908 Quae
1237 2856 1310 2899 cum

163 2941 209 3003 ita
229 2942 302 3023 sint,
322 2963 360 3003 ex
380 2938 529 3004 Placidi
554 2937 655 3021 copiis
677 2937 807 3002 Plauti
830 2938 1049 3021 fragmenta
1073 2960 1193 3024 augere
1212 2940 1311 3019 nolui,

164 3070 358 3130 quamquam
383 3047 468 3110 baud
492 3067 596 3129 pauca
619 3045 742 3126 insunt,
767 3067 847 3128 quae
872 3068 949 3128 prae
972 3068 1006 3110 se
1034 3047 1143 3111 ferant
1170 3048 1311 3131 speciem

164 3151 507 3217 Plautinissimam.
553 3150 664 3235 Longe
697 3151 792 3215 aliter
824 3175 875 3216 res
908 3153 941 3215 in
975 3151 1081 3217 Festi
1114 3152 1168 3218 vel
1200 3152 1311 3220 Pauli

163 3260 247 3324 libro
272 3282 305 3323 se
330 3259 437 3324 habet.

251 3362 401 3431 Ceterum
425 3365 574 3430 Placidi
599 3366 725 3449 glossas
753 3365 806 3429 ubi
830 3387 902 3429 cum
927 3365 1098 3431 Festinis
1124 3374 1313 3451 congruunt

163 3497 226 3537 uon
259 3496 297 3536 ex
332 3472 446 3537 Festo
479 3472 609 3536 fluxisse
635 3471 778 3537 Lonwro
813 3472 863 3536 Gl.
888 3471 981 3537 Nom.
1010 3497 1040 3558 p.
1060 3474 1102 3538 95
1136 3476 1314 3542 assentior:

164 3604 238 3644 uam
263 3602 360 3663 saepe
383 3582 430 3661 fit,
455 3584 491 3643 ut
516 3602 646 3643 casuum
672 3581 721 3643 vel
745 3580 984 3664 coniugationis
1008 3579 1130 3645 formas
1149 3584 1314 3667 genuinas

164 3687 339 3751 servaverit
363 3686 559 3768 Placidus,
584 3708 655 3750 cum
675 3685 813 3750 Festus
837 3688 1074 3752 nominativum
1099 3689 1151 3753 vel
1176 3688 1315 3756 infiniti-

165 3817 238 3883 vum
259 3793 478 3857 substituerit:
502 3792 647 3876 sequitur
667 3797 702 3856 ut
722 3797 855 3876 uterque
875 3815 912 3856 ex
934 3794 1054 3858 eisdem
1074 3794 1125 3858 vel
1146 3795 1316 3862 similibus

165 3901 256 3963 libris
281 3899 589 3984 glossographorum
614 3899 827 3963 vetustiorum
853 3899 1023 3983 pendeant.

255 4007 327 4083 58.
376 4005 499 4075 Primus
537 4004 770 4088 colligendis
800 4005 1030 4083 fragmentis
1059 4029 1195 4091 operam
1225 4010 1319 4078 dedit

164 4133 227 4174 uon
262 4109 557 4174 Crraurnuraruvs
595 4108 649 4196 (11.
673 4110 911 4176 11111111111111
949 4113 1011 4197 Op.
1031 4112 1064 4176 II
1092 4136 1122 4197 p.
1143 4114 1219 4202 77),
1258 4119 1317 4183 sed

165 4242 244 4282 unus
270 4241 306 4281 ex
333 4218 388 4297 eis,
414 4220 467 4299 qui
488 4218 662 4281 editionem
688 4223 881 4282 curaverunt
903 4219 965 4283 hoc
988 4220 1084 4283 titulo
1103 4221 1318 4308 inscriptam:

164 4323 342 4386 ‘Plautus
380 4346 460 4387 cum
499 4324 743 4388 correctione
776 4330 813 4388 et
848 4325 1180 4408 interpretatione
1217 4330 1316 4397 Her-

164 4427 282 4491 molai
312 4428 480 4493 Merulae
506 4431 693 4493 Politiani
725 4435 761 4493 et
784 4429 966 4495 Beroaldi
995 4439 1033 4495 et
1061 4454 1143 4497 cum
1174 4438 1316 4505 multis
