2956 5678
664 295 796 351 555555
1139 289 1213 363 1114,
1228 297 1284 347 1-u

489 565 717 620 omma.
751 564 977 618 simonve

664 688 801 743 Cnasmvs

163 783 283 848 Sdmne
307 805 367 869 ego
391 784 489 847 homo
513 784 624 864 miser,
652 781 706 864 qui
729 802 888 865 nusquam
911 781 992 854 bene
1015 801 1098 865 queo
1122 778 1283 863 quiescere?

162 889 200 955 Si
217 891 304 956 domi
323 912 403 971 sum,
426 889 505 953 foris
524 893 574 952 cst
593 888 732 952 animus:
756 886 807 951 sin
831 887 911 952 foris
931 887 1159 967 5555555555
1177 885 1282 950 domist

163 983 215 1063 155
237 998 282 1061 mi
305 997 339 1061 15
364 999 493 1078 pectore
518 996 614 1078 sitque
638 994 672 1057 in
696 994 789 1058 corde
813 994 891 1058 ficit
915 1016 1007 1059 amor
1030 992 1220 1058 incendium:
1242 1008 1282 1055 550

162 1102 209 1169 Ns
230 1103 315 1168 oculi
338 1098 489 1167 lacrumis
513 1101 703 1183 defendant,
726 1101 789 1165 iam
814 1074 1043 1165 irdeat⁰ored6
1068 1106 1173 1185 caput

163 1210 261 1294 Spem
284 1213 389 1290 tenco,
413 1207 552 1271 55155055
577 1207 686 1271 amisi:
710 1207 820 1271 rideat
842 1229 885 1271 an
907 1229 988 1291 non,
1010 1207 1130 1273 nescio.

163 1315 198 1381 Si
222 1314 378 1399 opprimit
401 1315 502 1398 pater,
524 1313 608 1396 quod
633 1314 728 1403 dixit,
752 1313 936 1385 5550155555Ι
957 1312 1041 1378 abiit
1064 1314 1167 1378 salos:

163 1421 221 1487 Sin
245 1420 382 1502 sodalis,
408 1420 492 1503 quod
517 1420 680 1503 promisit,
703 1419 795 1501 fecit,
818 1442 884 1483 non
908 1418 989 1484 abiit
1013 1420 1112 1485 salos,

162 1526 225 1592 Sed
248 1525 390 1610 tandem,
413 1530 480 1589 tam
500 1523 566 1589 etsi
582 1525 774 1609 podagrosis
794 1525 928 1608 pedibus
948 1532 1035 1591 esset
1052 1527 1225 1611 Eritychus,
1243 1542 1282 1590 555

162 1635 233 1699 lam
257 1636 396 1717 aporia
418 1631 540 1697 redisse
564 1633 679 1716 potuit.
703 1631 736 1696 id
760 1632 809 1696 illi
833 1633 949 1697 uitium
972 1634 1202 1715 5555555555,

163 1753 375 1762 ψ...-

251 1801 312 1854 Act.
334 1798 396 1852 ΙΙΙ
419 1815 507 1852 scaea.
526 1803 544 1852 4
631 1796 1283 1855 55551555-55515555005555555

162 1879 256 1934 DVO·
277 1880 311 1934 B.
346 1877 532 1933 CHARINVS
551 1877 744 1933 EVTYCHVS
764 1876 1073 1933 ADOLESCENS·11·
1094 1880 1124 1935 0.
1156 1878 1222 1933 ΟΗΔ
1237 1876 1285 1930 El·

163 1959 231 2015 'I'IC'
251 1959 301 2013 D'.
320 1977 370 2013 orn.
390 1958 432 2013 D¹
506 1964 567 2013 588.
586 1959 669 2012 homo
689 1974 740 2012 ora.
760 1959 786 2011 Ζ
835 1956 840 1968 ’
862 1958 892 2009 V.
913 1964 1068 2015 oso-601
1089 1958 1285 2029 occupalaatir

163 2041 191 2095 Α
207 2058 272 2111 pap.
292 2039 380 2094 eota
408 2040 555 2094 miserrime
583 2041 744 2103 laceratam,
771 2055 804 2091 ex
831 2055 886 2107 qua
915 2038 1042 2094 Loewius
1069 2042 1134 2095 haee
1156 2040 1233 2093 initia
1250 2054 1284 2091 ar·

162 2123 285 2191 piscatus
303 2125 354 2173 est:
372 2120 569 2184 5589511ιὶ1,
588 2122 645 2172 390
661 2117 712 2170 sub
730 2118 811 2184 finem
829 2119 914 2172 dubia
932 2121 1047 2189 oestipia
1066 2122 1214 2174 litterarum
1234 2132 1249 2173 o
1267 2122 1286 2170 et

163 2217 183 2255 F.
207 2206 298 2268 (amor
328 2197 517 2265 incendium),
550 2203 602 2253 591
631 2198 716 2265 nihil,
751 2202 806 2251 592
835 2199 921 2252 dubia
948 2201 1063 2269 55551910
1096 2201 1240 2255 litteratura
1261 2210 1286 2250 55

163 2283 278 2346 (soem),
310 2283 364 2333 599
387 2278 483 2346 5(51),
516 2282 569 2333 594
594 2279 681 2331 dubia
707 2278 822 2347 vatipia
844 2291 865 2330 5
888 2279 995 2332 litterae
1011 2279 1119 2347 (sein),
1151 2285 1201 2335 595
1218 2292 1248 2331 55
1261 2278 1285 2329 is

164 2361 305 2423 insenum,
324 2359 406 2425 sad),
425 2364 480 2413 596
498 2371 579 2425 pann
598 2359 703 2412 incerta
720 2357 842 2421 lectione,
861 2361 917 2411 597
934 2371 953 2421 Q
971 2362 997 2412 et
1008 2360 1106 2426 purello
1115 2365 1178 2428 past
1194 2358 1286 2426 sesopia

165 2440 251 2493 dubia
276 2453 290 2491 5
314 2440 419 2492 litterae
443 2438 531 2503 (Quod
558 2437 667 2504 nimis),
694 2441 749 2491 598
776 2449 812 2489 sn
842 2438 947 2491 incerto
975 2439 1100 2505 lectione,
1131 2440 1287 2509 5005950515

164 2522 280 2586 sortasse
304 2535 327 2572 a.
348 2523 413 2573 aie.
432 2523 487 2572 943
512 2519 629 2577 (divisus
643 2516 671 2583 12)
694 2518 744 2572 uli
768 2523 859 2572 tomen
883 2519 954 2572 niliil
979 2522 1129 2588 apparuit,
1156 2525 1207 2574 599
1223 2517 1286 2585 (im

165 2602 255 2654 initio.
292 2599 341 2652 Ee
377 2600 488 2668 reliquis
520 2599 638 2668 quinque
663 2614 688 2650 o.
712 2598 835 2666 popinae
866 2596 979 2653 ultimus
1011 2603 1066 2654 601
1092 2601 1204 2670 oestipu'u
1236 2599 1286 2652 liare

164 2681 243 2734 habet
271 2694 305 2744 o,
336 2679 400 2732 deiru
430 2679 516 2732 dubia
541 2690 574 2742 a,
601 2677 700 2745 pauno
727 2683 791 2746 post
818 2679 905 2732 dubia
927 2693 948 2732 a
976 2677 1286 2749 (eutychezlsseuchanioe

165 2759 261 2829 psius)
279 2764 303 2812 et
322 2760 352 2811 iu
365 2758 419 2824 (irre
436 2771 610 2812 55555555.
645 2757 719 2826 Quid
736 2764 866 2827 quauuor
889 2759 988 2828 reliqui
1007 2762 1192 2814 coruiaueriut
1204 2773 1286 2821 555555,

165 2840 280 2893 dubium
299 2843 350 2892 est:
368 2839 414 2891 sed
431 2838 515 2904 pilare
534 2837 661 2890 videntur
679 2836 805 2892 habuisse
818 2856 898 2908 acuam
910 2840 1042 2908 praebent
1057 2840 1184 2894 Palatini
1242 2843 1288 2893 599.

165 2919 233 2973 soris
252 2917 322 2971 550
403 2918 456 2987 515]
476 2917 500 2970 51
519 2917 550 2970 F
632 2916 699 2970 ioris
718 2918 732 2971 ei
753 2935 814 2970 sum
833 2918 860 2971 B
932 2918 1050 2972 domist
1069 2919 1134 2974 130.
1171 2919 1240 2972 domi
1254 2920 1289 2971 cst

165 3016 199 3052 ex
213 2997 317 3051 domist
333 2997 370 3050 1).
404 2997 480 3050 domi
495 2999 538 3050 055
553 2996 611 3049 FZ
668 3002 727 3051 590.
746 2997 815 3050 mihi
834 2998 900 3051 libri
952 2998 1142 3068 inpactoreG
1193 2996 1287 3054 incords

167 3080 192 3132 0⁴
243 3084 301 3130 591.
331 3075 405 3130 oculi
432 3074 564 3130 lacrumis
591 3077 744 3131 defendant
762 3077 940 3143 Ritsclielius,
962 3081 1009 3133 sed
1027 3081 1155 3134 atetiam
1169 3081 1200 3135 de
1217 3076 1288 3132 oculis

164 3184 333 3237 riomiaotioo
352 3184 459 3251 cogitet:
484 3184 518 3248 cs.
541 3184 637 3251 Opusc.
657 3185 708 3239 ool.
724 3184 762 3236 11
779 3201 807 3252 p.
826 3190 889 3238 659.
928 3184 1024 3239 005105
1042 3186 1158 3240 lacrima
1176 3160 1291 3240 defendit

168 3291 200 3345 B.
238 3308 271 3344 ex
295 3289 382 3343 oculis
405 3289 530 3361 lacrump
553 3291 704 3346 defendant
728 3290 756 3346 0.
794 3308 827 3345 ex
851 3290 939 3345 oculis
964 3292 1089 3346 lacmme
1113 3271 1241 3348 deienddt
1262 3292 1291 3345 D.

166 3389 198 3424 ex
218 3370 305 3424 oculis
328 3369 449 3423 lacrumo
474 3368 645 3424 descendant
664 3371 747 3436 Fet,
765 3372 911 3439 nisiquod
930 3370 1086 3445 lachryme,
1106 3373 1138 3426 Ζ.
1177 3373 1244 3427 oculi
1260 3371 1290 3424 la·

165 3466 274 3504 crumas
292 3448 444 3503 defendant
458 3449 588 3518 Scaliger.
620 3450 764 3504 Traditum
781 3450 862 3515 (OD)
880 3453 968 3506 acacio
981 3469 1020 3506 an
1034 3454 1147 3519 defendi
1160 3455 1244 3521 possit

165 3534 224 3581 599.
246 3529 328 3596 Spem
348 3529 430 3581 teneo
449 3531 497 3582 ais
514 3545 585 3582 sana
604 3545 657 3583 esse
675 3532 789 3584 adnotat
805 3529 977 3584 Ritsclrelius.
1017 3530 1102 3600 Spem
1121 3537 1207 3586 tenuo
1225 3531 1293 3585 Kret-

164 3609 265 3660 sclrrner
285 3610 392 3676 Quaest.
413 3609 455 3662 Pl.
475 3610 514 3662 ed.
534 3614 697 3677 019935.
718 3615 756 3664 24
827 3624 918 3663 annon
938 3610 995 3664 BC
1072 3617 1133 3664 593.
1153 3616 1293 3681 paternos,

164 3686 240 3739 uixid
263 3688 418 3741 Palmerius
433 3706 462 3757 p.
482 3692 537 3742 973
610 3688 787 3743 5550155515.
817 3689 972 3743 exsulatum
994 3690 1022 3743 0.
1055 3691 1200 3745 exulatum
1217 3687 1296 3744 ΒΓΖ

237 3772 295 3821 594.
320 3766 409 3821 Verba
436 3785 490 3821 non
519 3766 592 3821 abiit
617 3769 724 3833 (habiit
748 3771 789 3834 D)
819 3768 894 3822 salus
922 3775 1060 3838 tamquam
1088 3771 1217 3840 plossemo
1246 3769 1296 3823 eicit

164 3847 343 3899 Ritselielr'us:
366 3849 499 3915 scriptura
522 3864 576 3902 esse
594 3851 717 3917 potuisse
739 3848 880 3918 protinam
898 3848 1014 3904 redierit
1030 3852 1076 3904 ael
1100 3851 1249 3905 rediturum
1264 3866 1297 3903 ur·

165 3925 253 3978 bitror
266 3927 307 3978 cel
326 3927 433 3994 aliquid
450 3929 537 3981 simile
610 3934 670 3982 595.
689 3929 813 3996 tandem,
828 3929 941 3983 tametsi
954 3928 1124 4000 podagrosis
1139 3931 1296 3986 Ritsclielius.

165 4009 260 4056 tomen
287 4006 412 4075 demsipo
439 4008 563 4076 dragosis
583 4009 617 4062 Β.
655 4012 749 4063 tamen
772 4009 843 4072 (tario
861 4008 902 4077 D)
927 4008 1034 4079 dempsi
1062 4012 1230 4081 podagrosis
1247 4010 1297 4064 co.

167 4084 280 4136 tandem
306 4083 330 4136 si
352 4087 519 4156 podagrosis
540 4090 620 4155 Zet,
639 4091 696 4143 nisi
714 4093 786 4159 qaod
804 4090 977 4160 podagrosis,
996 4089 1031 4145 F.
1071 4092 1189 4146 tandem
1210 4088 1299 4146 iamsi

164 4164 330 4231 podagrosis
349 4166 496 4221 Acidaliae
515 4170 617 4235 (deleres
636 4171 694 4223 Iam
713 4188 736 4224 o.
752 4174 900 4239 prosince).
937 4169 1054 4224 tandem
1074 4171 1162 4226 etiam
1186 4173 1209 4225 si
1226 4171 1300 4242 poda

163 4245 250 4311 grosis
278 4245 407 4316 Guyetus.
445 4247 620 4312 iamdudum,
647 4248 670 4302 si
696 4251 862 4319 podagrosis
886 4251 1012 4304 Botliius.
1052 4253 1150 4305 tamen
1176 4253 1259 4316 idem,
1282 4249 1301 4303 si

164 4324 331 4392 podagrosis
350 4327 421 4379 iderti
435 4333 530 4396 postea
603 4328 672 4382 isset
693 4331 849 4384 Polmcrius
937 4328 1070 4384 eutichus
1090 4332 1185 4387 1301)
1252 4335 1301 4385 595

165 4401 221 4453 lam
242 4407 342 4471 aportu
362 4406 391 4461 0.
429 4408 488 4460 Iam
508 4409 628 4479 adporto
646 4410 674 4463 B
747 4409 863 4465 rediisse
883 4411 909 4463 Ζ
979 4410 1022 4464 1111
1047 4412 1302 4468 11551501Βῆ551(-
