2940 5062
184 334 323 386 ser-5³4
665 332 850 389 APPENDIX
863 373 865 376 .
1261 338 1323 402 109

270 495 331 545 522.
359 489 395 544 Di
422 492 486 546 med
510 509 606 546 omnes
629 492 779 563 magnique
805 494 961 566 minutique
991 498 1077 565 atqm
1096 497 1226 568 Cupetus.
1263 498 1329 554 Diui
1380 484 1389 499 ⁰

181 570 243 624 med
263 586 289 626 o.
326 571 477 642 magnique
496 571 653 642 minutique
674 577 703 627 st
720 574 849 643 Botbius,
864 583 959 645 posteo
978 575 1328 646 patellularii'praeserens
1432 605 1442 621 ι

182 652 255 719 (item
280 652 434 707 Muellerus
454 670 483 722 p.
499 655 583 719 246):
607 655 656 708 ubi
682 653 764 708 simul
789 656 922 723 bleisum,
941 655 1024 710 Lares
1047 656 1195 713 Benoistus
1219 661 1251 713 in
1274 661 1328 726 tine

180 730 316 786 addebant
342 734 445 788 uitiosa.
485 733 526 801 Cf.
546 734 682 788 Beclerns
708 735 741 788 de
768 751 832 789 eom.
863 735 941 789 Rom.
969 735 1026 801 fab
1050 752 1080 804 p
1100 741 1150 801 49,
1174 739 1210 794 al
1241 739 1326 796 Vide

175 813 304 878 μασι.-
313 813 436 868 Ceterum
453 814 586 868 Plautum
605 815 671 868 aliis
690 815 757 869 loeis
771 821 881 884 praeter
903 819 931 869 et
945 831 962 870 ι
977 832 1087 882 quoque
1107 817 1192 871 etiem
1214 818 1325 890 (Amph.

181 894 243 947 710.
261 892 345 948 Poen.
360 896 409 962 40)
435 895 563 949 adbibere
587 896 673 963 atque
699 895 784 948 etiam
808 901 860 948 et
854 895 1326 968 quemamadmodum

181 970 265 1025 etiam
284 980 375 1029 monet
392 974 550 1046 Seyffertus.

266 1067 328 1118 523.
355 1081 392 1119 no
418 1080 483 1133 ego·
495 1063 604 1137 (dem)
630 1063 712 1118 uiuus
739 1062 866 1137 (hodie)
894 1064 1069 1119 Camerarius
1094 1063 1212 1139 (<hodie
1238 1067 1323 1142 dem>

177 1139 257 1198 uiuos
277 1143 454 1215 Muellerum),
473 1161 507 1200 ns
532 1161 584 1214 ego
604 1143 758 1217 <umquam
784 1143 869 1216 dem>
896 1145 976 1199 uiuos
1001 1144 1158 1214 Vssinpius:
1185 1153 1215 1201 at
1239 1165 1324 1217 neque

175 1221 259 1278 hodio
277 1241 363 1294 neque
381 1242 515 1292 umquam
534 1227 654 1295 quadrat
672 1226 709 1278 od
728 1225 809 1278 uiuos
824 1241 919 1279 ooeem.
953 1241 1055 1293 egone
1074 1226 1154 1280 uiuos
1170 1225 1322 1300 (uidem)

176 1301 307 1373 Guyetus.
344 1323 379 1360 ne
399 1321 451 1375 ego
471 1304 577 1379 (dem)
595 1303 676 1359 uiuos
702 1303 828 1376 (uiuae)
848 1305 967 1359 Botlrius
990 1304 1086 1376 (<dem
1110 1305 1216 1379 uiuae>
1240 1305 1321 1362 uiuos

174 1382 342 1453 Benoistus)
386 1386 455 1442 Vide
468 1388 561 1455 praet.

263 1479 406 1545 senago
425 1479 509 1545 teque
528 1477 663 1544 tuamque
683 1477 780 1528 natam
799 1491 899 1543 meque
917 1474 1190 1544 Capetus,1leiaius:
1208 1477 1322 1547 itemque

175 1554 313 1623 (gnatam)
335 1553 470 1622 Goetoius,
488 1574 512 1609 a.
529 1560 627 1624 buteo.
645 1571 699 1624 pro
718 1555 908 1624 dittopropbia
926 1556 1033 1609 liabens.
1062 1571 1107 1610 me
1127 1559 1211 1625 teque
1230 1559 1322 1611 tuum·
1385 1620 1394 1636 ⁹

173 1649 227 1700 qus
246 1634 335 1689 filiam
353 1653 407 1705 ego
427 1638 552 1692 Botbius.
587 1651 639 1704 ego
659 1639 744 1703 teque
762 1635 906 1702 filiamque
925 1651 1025 1703 meque
1046 1636 1200 1691 Muellerus
1214 1655 1243 1706 p.
1255 1642 1320 1694 246.

172 1728 225 1781 ego
243 1715 330 1783 teque
348 1715 489 1785 filiamque
509 1719 586 1770 tuam
605 1714 762 1785 Vssinpius,
781 1732 880 1784 meque
899 1717 968 1782 ferri
986 1733 1043 1770 non
1059 1732 1137 1784 posse
1155 1718 1256 1773 oiderrs.

259 1818 322 1870 625.
349 1814 419 1869 Post
444 1817 537 1868 uatem
559 1816 710 1883 praeibant
735 1815 869 1882 Botln‘us,¹
888 1814 1009 1868 Reieius.
1030 1845 1062 1854 -
1089 1814 1143 1867 nisi
1168 1832 1230 1869 eras
1256 1818 1320 1871 irai.
1354 1822 1359 1831 '

171 1892 492 1949 Hermonem-Hune
509 1912 534 1949 o.
550 1912 610 1949 euru
629 1896 736 1949 duobus
752 1895 923 1964 sequentibus
942 1896 991 1948 del.
1009 1894 1147 1964 Guymus:
1161 1897 1195 1962 ef.
1215 1914 1239 1950 o.
1255 1901 1318 1951 524.

177 1972 230 2026 Vbi
247 1975 280 2028 in
297 1973 382 2029 ambo
400 1990 451 2029 suo
469 1975 530 2029 iure
548 1975 638 2029 haeret
653 1974 814 2045 Seyffertus:
833 1976 905 2044 quod
923 1991 979 2029 uon
993 1975 1091 2029 lrabeat
1107 1991 1159 2044 quo
1174 1974 1319 2044 referatur,

172 2054 283 2108 etiamsi
301 2055 334 2110 de
357 2070 384 2109 se
406 2057 465 2125 ipso
489 2073 547 2109 una
571 2072 631 2108 eum
651 2054 757 2109 Selenio
781 2053 877 2124 eoeiitet
894 2055 1126 2123 Alcesimarchus,
1147 2072 1198 2124 pro
1221 2056 1318 2111 ambas

170 2149 231 2188 aero
249 2135 363 2188 admitti
379 2151 437 2189 non
452 2136 553 2203 possit,
572 2135 628 2187 nisi
645 2136 716 2201 sorte
735 2136 857 2190 delirares
876 2137 1013 2204 loquatur,
1030 2141 1061 2189 ut
1081 2135 1300 2203 Aporostoeles
1287 2154 1318 2191 in

168 2212 300 2269 Poenulo
340 2215 382 2281 Cf.
402 2217 481 2270 odo.
496 2219 559 2270 531.

258 2318 320 2367 aas.
349 2312 463 2381 quidem
483 2329 536 2405 pro
559 2311 688 2381 equidem
711 2317 774 2381 post
797 2313 867 2366 alios
889 2312 1041 2366 vindicarit
1063 2311 1202 2366 Luebsius
1221 2313 1316 2371 Herm

171 2390 267 2446 XIII
280 2409 311 2462 p.
327 2396 444 2462 499sq..
467 2395 523 2448 nisi
545 2394 615 2458 forte
637 2394 808 2447 scribendum
829 2392 864 2445 Et
887 2390 1046 2459 mbquidem
1065 2390 1166 2447 hercle
1182 2399 1207 2447 et
1226 2399 1317 2449 omnis

169 2474 288 2539 (frustra
302 2475 441 2540 defensum
455 2474 630 2528 oRr'tsebelio
643 2473 749 2540 Prolep
760 2490 790 2541 p.
803 2471 889 2525 CXX
892 2471 997 2536 XIII,
1016 2470 1157 2542 Spenpelio
1177 2471 1208 2526 Τ.
1225 2473 1268 2528 M.
1284 2475 1316 2529 P.

166 2569 195 2620 p.
204 2559 253 2621 80,
267 2555 316 2622 ol.)
333 2555 391 2609 alia
404 2556 512 2609 ratione
525 2555 715 2624 corripendum
730 2553 787 2620 (sed
800 2558 868 2606 eerte
882 2567 938 2606 uon
953 2551 1066 2605 omnino
1081 2568 1142 2606 curn
1153 2553 1316 2624 Vssinpiol),

167 2632 285 2697 sortasse
303 2649 369 2688 ense
389 2637 460 2703 (eum
479 2651 494 2688 e
513 2635 594 2700 finali
613 2639 676 2688 onte
694 2633 818 2687 esilixero
838 2635 941 2688 abieoto
914 2633 1041 2700 tiociis
1064 2647 1113 2685 ens
1137 2635 1169 2686 in
1185 2634 1250 2689 oms
1269 2638 1316 2689 ab·

165 2713 305 2783 ierit).—
323 2714 442 2784 perdatu
465 2715 620 2784 relinquens
644 2715 819 2768 Camerarius
839 2715 880 2767 de
907 2713 1092 2782 perendinata
1121 2715 1295 2783 copitabot
1283 2735 1315 2770 ru
1367 2722 1374 2733 '

166 2810 246 2848 anm·
266 2796 317 2848 ubi
334 2795 439 2865 pedatu
457 2797 540 2849 etiam
559 2795 722 2860 Lambinus,
743 2794 905 2862 Leopardus
919 2793 1000 2847 Mise.
1023 2793 1066 2846 VI
1080 2798 1126 2860 16,
1141 2794 1314 2862 Gulielmius,

166 2874 201 2926 al.
222 2905 258 2913 —
278 2871 404 2928 afflixere
433 2875 616 2930 Camerarius.
639 2905 678 2947 -·
693 2875 741 2927 Ad
767 2880 858 2928 ιιι-627
887 2876 921 2939 ef.
945 2874 1105 2928 Skutsebius
1134 2874 1272 2930 ‘Forsala'
1294 2878 1316 2929 I

161 2970 192 3022 p.
207 2959 271 3010 135.
286 2987 314 2994 -
336 2955 366 3010 V.
378 2961 430 3009 529
445 2972 498 3025 pro
517 2956 613 3023 sprurio
630 2955 710 3009 babet
731 2955 878 3009 Koeblerus
896 2956 928 3009 de
946 2960 1044 3023 septen.
1064 2946 1147 3008 t'roelr.
1163 2961 1253 3039 1349.

255 3059 317 3108 530.
345 3053 483 3120 extrudet,
504 3056 563 3107 tum
581 3054 655 3106 hane
669 3052 840 3107 Dissaldeus.
870 3053 1006 3120 extrudet,
1025 3053 1097 3106 hanc
1112 3053 1238 3108 Botlrius.
1270 3055 1311 3122 Cf.

165 3132 336 3189 Luebbertus
355 3131 433 3189 Stud.
452 3150 565 3203 oramus.
586 3134 628 3185 II
640 3151 670 3201 p.
687 3136 750 3186 215.

254 3237 316 3286 531.
344 3247 508 3301 persequar:
528 3246 563 3284 ns
582 3247 677 3284 amens
697 3229 763 3297 quid
785 3229 977 3286 Fleckeisenus
994 3232 1098 3285 Annal.
1115 3233 1213 3300 pln'lol.
1232 3234 1313 3286 LXI

158 3329 188 3380 p.
203 3315 250 3366 38.
279 3327 459 3380 pernequam:
479 3327 575 3365 amens
593 3328 628 3364 ne
647 3309 715 3377 quid
734 3311 791 3365 Leo
806 3311 899 3366 Herm.
914 3312 1036 3365 XVIII
1051 3329 1077 3380 p.
1090 3316 1144 3365 574
1164 3314 1225 3379 (oili
1243 3329 1311 3366 eom-

160 3397 263 3446 mento:
283 3392 318 3459 ef.
336 3390 488 3461 Lonpenus
508 3392 618 3446 ‘Beitn’
635 3409 665 3460 p.
682 3394 737 3458 65).
767 3407 931 3460 persequar:
956 3390 1011 3446 iam
1032 3408 1068 3445 ns
1087 3390 1161 3460 qnid
1175 3392 1309 3447 Goeteius.

161 3472 339 3541 Scripturam
358 3473 490 3528 traditam
508 3474 556 3527 oia
575 3477 643 3526 reete
660 3473 790 3538 defendas
813 3473 931 3526 admisso
958 3473 1060 3540 niquid
1084 3473 1129 3543 (es.
1149 3473 1311 3526 uibutseln‘us

163 3552 302 3607 ‘Forsan’
321 3553 342 3604 I
350 3558 410 3621 p.9
428 3555 520 3622 odni:
538 3555 619 3607 immo
638 3553 693 3605 dno
711 3552 883 3606 lreuristiebia'
894 3558 959 3621 post
976 3568 1126 3621 persequar
1140 3552 1310 3606 intercidisse
1328 3570 1333 3583 ·

160 3639 186 3688 ei
213 3634 272 3701 ipse
299 3633 404 3687 dudum
432 3635 596 3687 coniecerom
619 3637 644 3685 et
666 3632 815 3700 Seyffertus
834 3648 888 3701 pro
916 3638 986 3686 certo
1004 3633 1106 3708 litabat:
1133 3633 1193 3684 ride
1219 3634 1309 3698 praef.

167 3713 248 3768 Velut
275 3715 440 3782 persequar:
468 3711 555 3785 <noui
584 3711 692 3767 animos
720 3711 943 3766 adulescentium
964 3713 974 3778 [l
993 3714 1084 3779 Atque
1113 3710 1161 3763 ills
1190 3717 1223 3764 ut
1250 3714 1308 3765 ani·

160 3794 300 3868 animust>
319 3810 416 3848 amens
435 3797 470 3848 ni
496 3793 563 3862 qaid
583 3793 602 3847 f.
623 3811 645 3848 e.
665 3811 689 3848 ο,
709 3824 743 3833 -
762 3794 806 3847 Ab
835 3794 918 3846 leuius
945 3808 1036 3846 uersus
1059 3791 1223 3857 elisfioultate
1242 3809 1308 3859 pro·

158 3875 247 3941 festus
265 3877 379 3930 omnino
398 3892 430 3928 ea
448 3876 500 3929 leae
513 3876 657 3944 particulo
676 3876 731 3940 fere
749 3891 835 3927 unum
854 3890 877 3926 o.
895 3877 946 3925 534
972 3888 1071 3925 sanum
1092 3871 1308 3940 Plautinumque

158 3972 213 4010 esse
237 3956 378 4011 contendit
397 3955 548 4010 Muellerus
569 3956 648 4009 I’ros.
668 3972 699 4024 p.
715 3960 766 4021 38,
793 3970 850 4007 non
865 3958 946 4016 ,reete
972 3954 1003 4005 in
1029 3968 1058 4005 eo
1083 3952 1208 4018 haerens,
1236 3957 1308 4022 qnod

159 4037 259 4091 mulier
278 4037 392 4091 obituro
406 4036 608 4106 Lampadionis
627 4037 746 4090 adventu
764 4036 903 4088 retinetur.
932 4034 1000 4085 Itern
1019 4031 1137 4098 optimus
1154 4038 1193 4085 est
1210 4050 1233 4087 o.
1246 4040 1308 4100 535,

159 4118 240 4173 modo
258 4123 343 4173 ardea
360 4118 489 4187 suppleas
508 4119 579 4173 oelut
594 4115 686 4170 Nimis
704 4117 809 4180 metuo,
823 4130 857 4166 ne
877 4114 923 4165 hie
942 4113 977 4165 ad
992 4110 1096 4164 malum
1116 4114 1220 4166 malam
1237 4115 1307 4168 mihi

158 4198 293 4267 adportet
311 4215 423 4253 nouom.
467 4197 535 4252 Vide
550 4201 640 4266 praef.
657 4230 688 4237 -
711 4198 755 4249 Ad
772 4213 797 4249 o.
813 4200 863 4248 533
884 4194 917 4259 es.
939 4193 1138 4247 Fubrmannus
1157 4194 1189 4246 de
1203 4197 1306 4261 partie.

157 4295 280 4348 compar.
287 4297 319 4348 p.
325 4285 366 4335 20
373 4296 447 4348 sa-
454 4279 498 4333 De
507 4277 633 4352 (agere)
646 4295 758 4347 operam
775 4275 889 4344 perdam
902 4272 1020 4343 [potius]
1031 4274 1167 4343 eopitobat
1175 4272 1305 4342 Capetus.

250 4373 311 4423 ⁶34.
340 4370 384 4423 est
411 4368 460 4422 del.
491 4368 620 4440 Gupetus.
647 4399 678 4406 -
703 4368 756 4418 huc
785 4361 929 4417 contendit
957 4380 1017 4415 oum
1047 4361 1076 4412 F
1100 4367 1125 4414 et
1154 4362 1306 4418 ‘nonnullis

156 4450 248 4505 libris’
269 4450 404 4505 Lambini
424 4447 550 4521 Pylades.
580 4449 627 4503 hio
644 4447 735 4501 tendit
752 4444 931 4500 Camerarius.
963 4443 1017 4495 hue
1036 4441 1128 4496 tendit
1142 4442 1301 4499 Lambinus.
