2956 5678
161 296 212 351 XX
623 295 832 351 PRAEFATIO

162 459 338 544 deperditis
376 459 548 524 acciderit?
598 459 701 525 Immo
739 460 937 525 contrarium
974 459 1083 543 potius
1121 459 1309 523 mirandum
1359 503 1365 512 ·

161 571 260 649 esset,
285 568 313 632 si
336 567 422 631 intra
445 570 668 632 sexcentorum
696 571 845 632 vers'uum
869 566 1011 650 spatium
1034 587 1210 649 numquam
1234 588 1310 629 eve·

161 673 272 758 nisset,
296 674 381 758 quod
404 674 437 739 in
461 679 553 738 sexta
572 679 663 758 parte
687 674 877 739 bisfactum
899 678 956 739 est.
993 672 1107 757 Itaque
1126 673 1187 737 bac
1206 674 1311 737 ratio-

29 842 37 856 ,
162 780 322 845 cinatione
347 780 566 864 confirmatur,
589 780 792 865 quod.supra
811 777 856 866 (p.
871 776 915 864 X)
935 781 1129 844 coniecimus
1148 781 1187 844 de
1209 780 1308 844 ditto-

162 888 318 973 grapbiis,
342 887 459 971 quibus
485 910 559 971 pars
581 886 710 953 fabulae
735 887 903 972 deperdita
926 891 1021 952 aucta
1043 888 1149 951 fuerit.

252 993 343 1069 Quod
363 1016 439 1060 vero
460 995 498 1059 de
518 994 696 1078 archetypo
715 993 949 1077 contendimus,
972 994 1138 1059 luculento
1157 995 1310 1077 exemplo

162 1123 201 1165 ex
234 1101 306 1184 ipso
340 1100 372 1164 A
403 1101 506 1186 petito
539 1102 735 1166 declaratur:
773 1100 867 1185 idque
904 1100 977 1164 ideo
1010 1100 1222 1185 disputationi
1264 1101 1311 1164 de

162 1207 345 1272 scissuris
363 1193 602 1292 fissurisque
621 1208 805 1293 praemitto,
824 1229 905 1291 quae
924 1206 1021 1272 buius
1036 1230 1162 1292 quoque
1177 1207 1311 1272 fabulae
1341 1197 1347 1206 ’

163 1315 348 1378 mem'oriam
375 1315 609 1395 deformarunt,
639 1313 803 1399 quia'non
827 1315 922 1379 modo
951 1337 1009 1398 per
1035 1336 1069 1378 se
1098 1315 1311 1379 memorabile

162 1425 225 1504 est,
254 1420 311 1486 sed
339 1422 438 1485 etiarn
466 1421 529 1506 ipsi
558 1423 741 1506 quaestioni
764 1425 850 1486 recte
874 1421 1060 1486 tractandae
1083 1421 1170 1485 viam
1194 1420 1311 1486 munit.

250 1528 356 1614 Igitur
384 1551 412 1592 v.
433 1529 498 1593 104
530 1529 719 1593 lacunosum
748 1550 817 1592 esse
850 1529 1011 1592 neminem
1045 1528 1157 1614 fugere
1177 1507 1312 1612 potuit:

162 1636 247 1700 unde
278 1635 369 1700 varia
405 1635 581 1720 periclitati
614 1640 688 1700 sunt
720 1635 868 1699 homines
900 1635 1001 1718 docti,
1033 1612 1072 1699 ex
1098 1634 1215 1718 quibus
1244 1655 1311 1698 una

163 1742 324 1807 laudanda
347 1745 397 1807 est
418 1740 640 1825 Kampmanni
663 1743 862 1825 coniectura,
891 1742 954 1826 qui·
974 1742 1112 1825 traiecto
1136 1763 1208 1805 curn
1233 1741 1311 1805 aliis

162 1849 217 1914 hoc
238 1849 431 1934 pronomine
454 1849 643 1932 adiectoque
666 1869 765 1913 aurem
788 1849 946 1913 vocabulo
972 1848 1115 1931 scripsit:

207 1955 304 2021 Nunc
326 1960 359 2020 te
383 1956 500 2021 amabo
520 1959 557 2019 ut
576 1954 659 2021 banc
678 1955 740 2020 hoo
759 1953 901 2037 <unum>
924 1954 1067 2019 triduum
1087 1955 1192 2019 solum
1211 1954 1312 2020 sinas.

167 2062 229 2128 Sed
252 2085 324 2128 cum
345 2064 376 2127 Α
400 2084 526 2147 quoque
550 2063 663 2129 relicto
682 2083 700 2123 o
723 2062 778 2128 boc
801 2067 876 2126 ante
894 2062 994 2127 solum
1013 2062 1158 2126 extitisse
1182 2066 1312 2147 arguat,

165 2181 241 2255 post
268 2189 352 2231 uarro
376 2191 452 2236 vero
477 2191 511 2230 n
539 2169 704 2251 exhibeat,
736 2167 911 2254 Seyffertus
936 2169 1113 2252 quadrante
1142 2168 1249 2251 spatio
1276 2169 1312 2232 in

166 2279 603 2355 Am<oununnu1nourrao>u
623 2277 796 2361 supplevit.
1014 2282 1018 2288 '
1121 2349 1124 2355 ³

234 2373 338 2453 »Huic
366 2385 501 2450 lacunae
529 2384 646 2449 lacuna
674 2405 750 2448 sane
777 2405 842 2448 non
871 2382 1057 2467 respondet:
1087 2382 1143 2447 aed
1170 2382 1225 2466 qui
1248 2381 1313 2446 XX

166 2490 311 2555 versibus
331 2491 509 2555 interiectis
529 2490 694 2573 praecedit
712 2511 834 2575 versus,
857 2494 924 2554 tam
948 2491 1064 2554 miram
1084 2491 1169 2553 inter
1186 2493 1312 2553 utram-

166 2619 227 2682 que
243 2597 463 2662 recensionem
479 2597 729 2681 discrepantiam
746 2595 848 2680 offert,
868 2600 904 2660 ut
918 2598 1145 2682 intellegamus
1159 2597 1332 2661 lacunam'

167 2705 243 2770 olim
268 2707 501 2789 congruentem
529 2705 780 2789 interpolatione
805 2707 963 2770 remotam
988 2726 1065 2769 esse.
1112 2701 1174 2778 Qui
1197 2724 1314 2768 versus

167 2811 271 2875 adhuc
295 2811 343 2875 sic
365 2810 548 2895 legebatur:

256 2915 460 2999 Obsecutast,
482 2918 522 2982 de
545 2939 583 2982 ea
607 2900 767 3002 regessit
790 2940 913 2983 morem
938 2917 1098 3001 morigere
1122 2917 1210 2981 mihi.

168 3023 230 3088 Sed
255 3025 286 3088 Α
310 3045 375 3089 non
398 3024 500 3090 habet
516 3027 552 3091 de
570 3047 665 3118 eolre,
688 3029 801 3090 contra
820 3026 904 3089 inter
922 3042 1030 3084 nonan
1048 3028 1080 3088 et
1100 3015 1336 3111 (n)o(rigere)⁴

166 3130 267 3196 habet
290 3151 404 3193 osaea*
427 3131 461 3196 id
480 3135 530 3197 est
548 3133 660 3212 oranti,
680 3134 717 3196 ut
735 3130 974 3197 Studemundus
997 3132 1167 3196 intellexit.
1205 3130 1316 3207 Quare

167 3260 262 3302 nemo
277 3237 453 3325 dubitabit,
472 3239 549 3323 quin
564 3238 643 3302 olim
658 3239 719 3304 bae
739 3238 800 3304 sibi
817 3238 1042 3321 responderint
1061 3239 1095 3302 in
1109 3239 1142 3303 P
1157 3238 1311 3303 lacunae:

297 3384 332 3432 84
527 3404 555 3445 dc
570 3417 598 3447 aa
611 3417 635 3446 ra

200 3454 206 3466 ’
259 3508 260 3512 ,
293 3489 298 3496 ·
332 3458 1132 3533 onsconrasrsnss1nuonun(onnur1>uomonnanur

299 3541 350 3591 104

336 3619 1214 3695 nouornauaaounxauo<mounuu>uamuuuautumamus.
1272 3644 1277 3652 ·

231 3789 236 3797 ·
257 3760 400 3828 Levioris
433 3765 592 3829 momenti
620 3769 670 3831 est
696 3786 799 3849 neque
827 3768 938 3831 tamen
960 3764 1230 3847 praetereundum
1254 3767 1316 3848 est,

169 3868 224 3962 qui
252 3890 316 3933 uno
343 3870 512 3938 interiecto
541 3872 703 3938 antecedit
729 3894 855 3958 versus,
883 3873 918 3937 in
946 3893 984 3937 eo
1014 3876 1089 3937 unte
1113 3870 1209 3934 finem
1233 3868 1315 3958 (rem

168 3971 338 4062 reseiueru't)
361 3976 394 4041 A
411 3997 493 4039 xauo
513 3977 675 4063 exhibere,
698 3983 811 4044 contra
832 3979 865 4043 P
879 3999 956 4063 eom,
979 4000 1051 4043 cum
1071 3979 1125 4061 qui
1144 3977 1314 4063 oppositus

170 4082 213 4146 sit
235 4103 347 4146 versus
371 4082 410 4147 ab
433 4084 504 4151 Hoc
525 4085 596 4149 uolo
618 4085 719 4169 upotis
741 4082 876 4169 incipiat
899 4085 933 4149 in
957 4084 1000 4168 P,
1031 4084 1071 4150 ab
1095 4081 1313 4170 xoonu(ue)-

169 4188 203 4253 in
226 4190 273 4254 A:
296 4189 379 4255 unde
397 4213 473 4255 cum
497 4192 680 4277 graviorem
704 4192 954 4277 discrepantiam
979 4193 1012 4256 in
1037 4191 1213 4277 appendice
1237 4191 1316 4256 odo-

169 4299 258 4361 ratus
283 4298 354 4382 sim,
377 4298 486 4363 nescio
511 4322 553 4364 an
574 4299 696 4378 ¹rectius
721 4299 878 4364 eiusmodi
901 4301 1035 4364 lacunas
1059 4300 1093 4362 in
1113 4298 1147 4362 P
1163 4298 1240 4363 olim
1261 4321 1315 4361 ex-

169 4403 273 4486 pletas
297 4426 366 4469 esse
389 4427 553 4471 sumamus
578 4402 632 4491 (cf,
657 4428 687 4489 p.
706 4404 874 4494 XXXVD:
993 4397 1005 4416 '
