2956 5678
538 733 802 791 EPILEGOMENA
1175 736 1238 800 201

94 900 248 966 omuibus
282 904 428 966 secutum
461 921 531 965 esse
561 899 822 982 Tssanssuvn,
851 905 1038 966 contentum
1069 901 1241 985 aliquoties
1335 988 1338 993 Ι

91 1012 310 1092 transponere
332 1008 395 1074 hoc
417 1007 561 1092 illudque
585 1012 642 1072 ant
663 993 780 1072 addere
799 1009 1015 1092 fragmentum
1036 1008 1155 1072 nullius
1176 1030 1242 1072 mo·

91 1115 206 1180 manti.
253 1113 339 1180 Nam
370 1115 440 1199 ipsc
468 1113 669 1199 (invasura,
689 1098 988 1199 'quiTlvnManur
1016 1137 1147 1198 operam
1175 1138 1239 1180 non

91 1222 196 1286 semel
215 1221 381 1306 supplerit
402 1227 436 1287 et
459 1223 611 1303 correxit,
631 1222 664 1285 iu
684 1221 797 1286 multis
818 1222 964 1285 Psanvm
987 1222 1086 1287 tacite
1111 1227 1239 1286 secutus

92 1333 158 1414 cst,
175 1350 371 1414 quamquam
392 1351 466 1393 eum
489 1328 528 1393 de
552 1351 609 1393 suo
633 1329 790 1394 nonnulla
809 1328 971 1393 addidisse
990 1330 1123 1394 minime
1146 1350 1240 1413 nego.

93 1435 147 1500 Ac
169 1457 209 1499 ne
237 1437 334 1501 tertia
357 1435 486 1522 quidem
510 1434 620 1500 ΡΑΒΕΙ
644 1434 742 1500 aditio
765 1432 856 1520 (anni
882 1434 981 1520 164¹.)
1005 1456 1138 1519 prorsus
1162 1457 1238 1521 neg·

90 1542 162 1627 legi
182 1546 300 1626 potest
339 1540 565 1624 AGnvnmm,
582 1563 647 1606 non
667 1566 685 1606 a
705 1541 838 1624 Panno,
862 1541 1005 1627 pendent
1026 1541 1240 1625 Guouovrvs

91 1647 306 1731 Ennns'rsvs,
329 1648 393 1714 alii.
440 1647 607 1714 Gvrssvs
632 1653 740 1712 utrum
762 1647 947 1732 fragments
970 1650 1117 1734 attigerit
1141 1671 1240 1713 neone

91 1757 271 1821 nescimus:
299 1757 333 1820 in
356 1755 496 1821 editione
519 1776 616 1840 quam
640 1755 766 1820 curarit
789 1754 952 1820 ansnn
976 1774 1023 1819 un
1048 1754 1239 1821 Manonnns

90 1862 281 1947 fragmenta
311 1884 378 1928 non
411 1861 535 1926 insunt:
567 1861 760 1946 exemplaris
792 1861 976 1947 Parisini,
1004 1863 1043 1926 de
1075 1885 1138 1946 quo
1172 1864 1241 1949 egit

90 1969 296 2036 Bnuolsnvs
315 1968 514 2055 (‘Mslangas
534 1967 660 2033 Graux'
679 1993 709 2054 p.
724 1969 787 2034 461
801 1969 893 2053 sqq.),
912 1991 987 2053 pars
1006 1968 1096 2052 prior
1114 1972 1240 2033 tantum

91 2076 223 2142 ridetur
241 2081 361 2161 extare,
374 2077 464 2141 ouius
484 2076 600 2141 ultima
619 2075 732 2140 fabula
750 2080 801 2141 est
821 2075 1019 2141 Mercator.
1037 2075 1238 2141 -Bnnunnl

90 2184 324 2249 adnotationes
347 2186 476 2247 exstant
498 2182 727 2267 paucissimae:
751 2184 789 2248 of.
811 2181 1065 2248 Sonssonnnuvs
1090 2182 1241 2247 ‘Richard

92 2290 266 2374 Bentley’s
288 2288 426 2355 Emend.
448 2313 474 2354 n.
497 2288 556 2353 Pl.'-
580 2313 610 2374 p.
629 2289 682 2355 59.

183 2397 263 2478 510.
274 2384 370 2461 Anno
380 2396 476 2461 huius
487 2398 606 2461 saeculi
617 2396 740 2463 decimo
752 2420 823 2461 cum
837 2397 1047 2461 Fsslnasslcvs
1059 2396 1241 2462 Hannlcvs

89 2503 221 2569 Borma
236 2502 345 2568 Plauti
359 2502 487 2567 fabulas
503 2501 549 2566 ‘in
568 2526 660 2567 usum
676 2503 910 2588 elegantiorum
929 2500 1110 2568 hominum'
1125 2503 1263 2585 ederet,-

90 2609 195 2675 tertio
226 2610 384 2675 volumini
408 2607 442 2695 (a
465 2632 495 2693 p.
514 2609 705 2694 541-571)
728 2612 948 2694 fragmenta
980 2611 1116 2674 inseruit
1145 2614 1177 2673 et
1205 2631 1243 2673 ea

91 2738 179 2802 quac
207 2716 246 2782 ad
270 2715 492 2782 Varronianus
516 2716 642 2780 fabulas
674 2718 836 2799 pertinent
865 2722 897 2780 et
925 2716 1063 2801 reliqua,
1091 2738 1167 2780 usus
1196 2717 1242 2780 eis

91 2845 180 2909 quae
204 2822 392 2888 Gnvrnnvs
416 2845 487 2887 cum
507 2823 727 2888 Tuvouunno
752 2830 784 2887 ot
804 2824 920 2890 Panno
946 2826 1167 2907 proposuerat,
1187 2822 1242 2886 sed

92 2936 134 2996 nt
158 2929 290 2995 adderet
313 2930 476 3011 nonnulla,
501 2931 588 2993 velut
611 2931 735 3013 aliquot
758 2930 847 2995 locos
872 2953 909 2994 ex
934 2930 1042 2994 Festo
1067 2934 1099 2994 et
1123 2929 1242 2994 Paulo

96 3036 232 3122 petitos,
255 3037 322 3101 alia
345 3037 493 3101 consulto
517 3037 692 3118 omitteret,
712 3037 821 3101 omnia
845 3042 1034 3119 recenseret,
1056 3058 1121 3100 non
1141 3058 1243 3119 pauca

94 3142 295 3207 emendaret.
333 3142 421 3207 Idem
446 3142 479 3206 in
503 3147 619 3226 quarto
644 3145 807 3208 volumine
832 3167 850 3208 a
873 3168 902 3227 p.
923 3143 1099 3209 833-850
1128 3144 1242 3206 adno-

91 3249 271 3315 tationes
303 3249 344 3314 ad
377 3249 561 3332 fragmenta
593 3249 724 3314 addidit.
774 3251 798 3312 A
828 3250 935 3331 priore
965 3251 1104 3314 editione
1137 3250 1244 3314 differt

93 3358 212 3440 altera,
234 3378 332 3442 quam
357 3378 440 3421 anno
468 3346 559 3421 1821·
576 3356 692 3437 emisit,
715 3357 747 3419 in
773 3378 837 3439 qua
861 3357 1041 3440 compluria
1064 3357 1181 3422 adiecit
1203 3393 1240 3404 -

93 3467 131 3530 in
157 3463 208 3528 his
231 3463 374 3528 friustula
395 3462 584 3549 Vidulariac
608 3485 627 3526 a
651 3462 744 3527 ΜΑΙΟ
769 3463 855 3526 edita
879 3468 911 3525 et
931 3462 1057 3527 Colacis
1081 3464 1242 3549 fragmen-

93 3578 168 3636 tum
192 3592 210 3635 a
229 3569 392 3636 Frontone
417 3570 458 3634 ab
478 3570 589 3635 eodem
614 3574 813 3652 protractum
832 3607 887 3651 —,
910 3592 1012 3652 pauca
1032 3571 1242 3648 abiecit,110n

94 3682 146 3744 ita
171 3699 273 3761 pauca
296 3676 496 3742 retractavit.
533 3676 581 3740 De
606 3677 846 3740 coniecturis
871 3676 1000 3740 Bonan
1024 3677 1142 3760 partim
1164 3678 1243 3740 scite

93 3890 360 3955 Varronianis
380 3889 459 3954 satis
480 3912 638 3974 superque
659 3895 852 3954 monuerunt
872 3890 936 3954 alii.
961 3889 1143 3954 Assoumo
1166 3910 1243 3971 pen-

93 3999 155 4063 det
174 3996 339 4081 WEISlVS,
362 3997 425 4061 nisi
450 3997 534 4081 quod
559 3997 705 4082 singulis,
721 3997 913 4080 quibusdam
937 3998 1016 4061 locis
1042 4018 1133 4060 suam
1158 3996 1242 4059 viam

10 4122 14 4179 ,ἱ
93 4109 230 4170 secutus
253 4111 313 4168 eat.

10 4188 17 4265 t

10 4270 30 4647 l

191 4210 241 4276 Ex
274 4211 423 4276 omnibus
457 4212 511 4295 qui
541 4211 601 4276 hoo
631 4211 756 4274 saeculo
781 4210 888 4275 Plauti
917 4212 1101 4293 fragmenta
1129 4210 1244 4294 attige-
1297 4199 1301 4207 ’

92 4322 178 4385 rant
195 4317 375 4402 prinoipem
394 4319 501 4383 locum
522 4317 647 4382 obtinet
666 4317 878 4382 annaiovs
894 4317 1134 4394 Rrrscnnnrvs
1154 4318 1243 4381 cuius

91 4425 299 4493 felicissimis
328 4425 480 4510 auspiciis
513 4424 594 4489 haec
623 4423 734 4489 Plauti
768 4424 865 4488 editio
900 4425 977 4489 olim
1006 4424 1157 4488 incohata
1186 4430 1244 4488 est.

93 4533 164 4612 Qui
199 4538 321 4617 quanto
353 4553 503 4597 successu
536 4532 638 4596 falsas
671 4533 815 4615 priorum
849 4532 1016 4614 opiniones
1047 4531 1245 4613 refutaverit,

90 4640 217 4707 titulos
242 4641 419 4705 correxerit
441 4646 474 4704 et
503 4640 732 4721 illustraverit,
758 4638 854 4702 verba
877 4639 948 4721 ipsa
977 4638 1099 4701 mendis
1128 4657 1244 4721 purga·

92 4747 194 4831 verit,
222 4768 307 4811 nova
329 4746 514 4830 fragmenta
543 4752 639 4810 antea
663 4746 808 4810 collectis
833 4744 992 4820 adiecerit,
1021 4767 1084 4808 non
1115 4750 1165 4808 est
1188 4765 1245 4809 cur

86 4853 282 4922 accuratius
315 4875 482 4937 exponam.
528 4852 638 4936 Ipsam
672 4852 882 4917 editionem
921 4852 1244 4936 fragmentorum,
