2956 5678
709 345 915 404 PRAEFATIO

562 531 583 592 u
607 527 713 576 usocr
884 530 1014 578 rusum

560 636 721 684 n1>1n1cus
883 637 1046 686 uxemcru

560 744 690 792 neonus
883 745 1073 793 unuosuou

719 852 907 900 nuniciunu

329 956 378 1023 De
397 959 507 1025 codice
524 959 558 1024 B
572 959 652 1026 haec
671 961 748 1024 olim
768 960 900 1045 scripsit
916 959 1068 1025 LOEWE:
1087 959 1231 1026 ‘Praeter
1248 960 1392 1046 primam

241 1087 372 1130 manum
397 1052 457 1154 (ti)
485 1067 613 1132 notabis
641 1067 812 1134 secuudum
836 1067 1025 1134 correctoris
1047 1066 1135 1155 (3²),
1163 1068 1220 1152 qui
1243 1069 1392 1134 fabulam

241 1173 408 1238 emendare
440 1172 605 1261 studuit¹).
659 1175 827 1240 Praeterea
859 1175 1020 1240 rarissime
1051 1175 1148 1240 obvia
1177 1179 1227 1241 est
1256 1198 1391 1241 manus

240 1282 360 1346 tertia
382 1278 456 1369 (13³)
480 1282 625 1347 subflavo
652 1286 830 1347 atramento
860 1305 896 1347 ea
923 1305 981 1347 usa
1004 1280 1065 1369 (ΠΙ
1087 1280 1124 1369 4)
1146 1286 1180 1348 31
1206 1282 1272 1347 ulia
1295 1305 1392 1368 quae

240 1389 313 1452 dam
343 1390 536 1455 recentior
565 1411 660 1472 quam
683 1387 729 1455 13²
754 1388 816 1476 (ΠΙ
838 1390 868 1473 2,
894 1387 958 1477 13),
987 1411 1061 1454 raro
1089 1388 1227 1473 denique
1255 1412 1391 1456 recens

241 1491 449 1560 Camerarii
474 1494 637 1582 (civelut
659 1495 760 1582 1113,
783 1499 812 1561 2.
836 1497 867 1582 4,
889 1497 942 1562 43.
965 1495 1013 1561 IV
1033 1497 1061 1579 1,
1084 1496 1114 1562 5.
1138 1494 1206 1584 33),
1230 1496 1289 1582 qui
1311 1519 1390 1563 non·

239 1602 330 1667 nulla
352 1602 386 1667 in
409 1603 480 1687 ipso
504 1603 615 1670 codice
638 1603 826 1690 corrigenda
848 1604 984 1688 putarit.
1021 1603 1135 1669 Munus
1158 1604 1321 1688 primast
1343 1626 1391 1671 se

240 1709 344 1773 cunda
366 1732 432 1774 uon
454 1733 630 1794 numquam
649 1710 858 1775 difficillimae
879 1711 1012 1775 suntad
1031 1710 1286 1794 discernendum,
1303 1711 1390 1777 uude

240 1816 465 1900 explicandum
490 1816 577 1901 quod
600 1819 696 1883 toties
719 1818 768 1882 ‘ut
790 1817 927 1882 videtur’
950 1816 1134 1882 adiecimus.

328 1923 581 2008 Laouuurum,
609 1947 691 2009 quae
718 1925 995 2008 frequentissimae
1023 1929 1099 1991 suut
1126 1924 1160 1990 iu
1182 1925 1248 1992 hac
1269 1926 1390 2010 fabula,

240 2034 273 2096 31
299 2053 515 2096 rasurarum
544 2033 649 2117 spatia
671 2032 718 2098 ita
740 2036 909 2116 testamur,
936 2037 974 2097 ut
997 2036 1077 2116 quot
1099 2032 1239 2118 siugulis
1261 2031 1390 2098 litterae

240 2138 466 2204 contineantur
501 2162 675 2205 narremus.
730 2139 832 2216 Quem
869 2139 999 2224 quidem
1030 2138 1219 2205 dimetiendi
1256 2141 1389 2206 modum

239 2245 335 2312 facile
362 2250 452 2331 patet
478 2268 544 2312 non
572 2246 669 2311 nimis
698 2250 883 2313 accuratum
910 2269 994 2330 esse,
1021 2246 1176 2332 quoniam
1197 2247 1283 2312 aliae
1305 2247 1390 2313 litte

239 2374 293 2417 rae
320 2353 458 2418 maiores
486 2353 665 2419 minoresve
692 2357 768 2419 sunt
796 2354 877 2419 aliis.
922 2351 968 2419 At
994 2375 1060 2418 uon
1087 2357 1164 2419 sunt
1186 2354 1287 2419 ullius
1310 2354 1390 2419 tales

240 2482 362 2526 errores
390 2462 545 2526 momenti
573 2465 755 2545 propterea,
781 2460 868 2546 quod
891 2461 961 2546 ipse
983 2461 1135 2526 librarius
1158 2482 1265 2544 nsque
1287 2460 1391 2525 voluit

239 2588 342 2650 neque
370 2568 477 2652 potuit
503 2590 634 2652 prorsus
662 2572 876 2654 congruenter
902 2570 935 2632 et
957 2570 994 2632 ut
1016 2567 1063 2632 itu
1085 2567 1190 2632 dicum
1213 2567 1389 2633 mathema

105 2686 109 2690 '
239 2673 303 2739 tice
327 2673 506 2739 litterarum
529 2697 611 2758 quae
634 2674 872 2740 intercidissent
895 2656 1054 2739 ambitum
1076 2673 1228 2739 iudicare.

329 2779 556 2847 Scaenurum
587 2783 727 2847 titulos
755 2782 885 2866 scripsit
907 2781 1096 2846 rubricator.
1142 2777 1195 2845 Ab
1219 2780 1318 2846 initio
1340 2802 1390 2846 ue

241 2909 304 2971 que
327 2888 367 2951 ad
389 2886 547 2971 1111,15
570 2911 818 2973 personarum
841 2893 956 2954 notae
979 2888 1013 2952 in
1035 2886 1197 2972 principio
1222 2891 1257 2953 et
1274 2889 1311 2952 in
1329 2887 1391 2953 fine

240 2993 337 3057 rubro
362 2995 469 3060 colore
492 2995 598 3079 pictae
621 2998 706 3078 suut,
729 2995 762 3058 iu
783 2995 897 3059 mediis
916 2998 1024 3058 autem
1042 2993 1189 3058 versibus
1209 2997 1390 3060 atramento

241 3099 287 3163 ita
310 3101 458 3185 scriptae,
480 3106 517 3166 ut
539 3101 720 3168 rubricator
743 3100 877 3166 ornandi
901 3123 997 3166 causa
1020 3099 1157 3186 singulis
1177 3100 1299 3165 litteris
1319 3101 1392 3185 plus

241 3207 386 3272 minusve
415 3208 508 3272 minii
530 3208 691 3274 adiecerit.
737 3206 814 3273 Inde
837 3230 856 3272 u
878 3205 927 3272 IH
950 3209 981 3291 2,
1006 3207 1022 3271 1
1047 3228 1150 3290 usque
1173 3205 1215 3270 ud
1238 3206 1271 3272 V
1297 3208 1328 3290 1,
1351 3206 1390 3272 31

241 3335 352 3379 omnes
374 3319 468 3379 notas
491 3337 699 3399 personarum
724 3315 846 3379 addidit
867 3336 980 3379 manus
999 3312 1138 3379 secunda
1158 3309 1394 3399 (correctoris),

240 3443 259 3485 a
282 3419 313 3485 V
339 3423 371 3504 1,
398 3421 440 3486 38
470 3443 572 3506 usque
600 3422 762 3485 adfinem
792 3421 870 3485 item
899 3442 1009 3485 omnes
1035 3420 1228 3486 rubricator.
1279 3419 1394 3485 Diver-

240 3550 347 3592 sarum
384 3532 492 3593 uutem
529 3549 736 3613 personarum
773 3527 905 3590 uomina
942 3527 969 3590 si
1005 3547 1072 3590 non
1103 3527 1241 3611 integris
1273 3527 1394 3594 littaris

240 3635 419 3719 perscripta
455 3634 568 3717 habes,
602 3635 689 3698 notis
726 3631 859 3720 (quibus
891 3637 1025 3717 puncta,
1061 3630 1151 3697 velut
1181 3631 1325 3719 ΤΗΕΒ,
1363 3638 1396 3699 et

241 3760 391 3842 lineolae,
418 3759 507 3823 velut
529 3745 631 3822 EPID
658 3743 773 3823 THE'S
796 3757 904 3842 simii,
927 3758 1022 3821 modo
1047 3757 1156 3822 additu
1178 3761 1273 3842 sunt,
1296 3759 1394 3824 modo

240 3887 306 3928 non
329 3862 451 3951 additu)
475 3864 658 3931 indicantur
680 3865 782 3930 hisce:

330 3969 544 4036 EPIDIGVS:
567 3970 623 4034 ΕΡ
647 3968 806 4058 (Π2,1),
828 3970 914 4035 ΕΡΙ)
941 3968 1001 4053 (ΠΙ
1018 3972 1050 4054 2,
1069 3967 1112 4056 1),
1134 3968 1250 4054 ΕΡΠ),
1273 3970 1397 4038 EPIDI

243 4075 272 4161 (I
297 4079 329 4159 1,
353 4075 398 4162 5).
443 4076 481 4142 In
509 4077 633 4143 scaenis
656 4075 687 4141 V
712 4079 729 4141 1
759 4082 792 4143 et
819 4079 840 4142 2
871 4078 1054 4162 appellatur
1080 4075 1256 4169 SERVVS
1287 4076 1396 4165 (SER,

333 4405 358 4470 1)
391 4402 430 4456 cf.
457 4421 531 4456 nunu
556 4402 651 4457 eunus
675 4402 842 4469 amoenos,
871 4403 906 4456 de
934 4402 1100 4457 correcturis
1123 4403 1266 4458 secundae
1294 4421 1395 4460 manus

241 4481 271 4534 in
295 4482 392 4535 codice
410 4482 511 4537 Vetere
529 4482 660 4536 Plautino
684 4485 718 4551 (a.
741 4485 819 4552 1900)
843 4501 869 4552 p.
892 4488 924 4536 15
935 4501 1005 4553 sqq.‚
1029 4483 1078 4552 qui
1100 4484 1240 4539 nonnulla
1261 4487 1395 4542 correxit.
