<?xml version="1.0" encoding="UTF-8"?>
<!DOCTYPE html PUBLIC "-//W3C//DTD XHTML 1.0 Transitional//EN"
    "http://www.w3.org/TR/xhtml1/DTD/xhtml1-transitional.dtd">
<html xmlns="http://www.w3.org/1999/xhtml" xml:lang="en" lang="en">
 <head>
  <title>
</title>
<meta http-equiv="Content-Type" content="text/html;charset=utf-8" />
  <meta name='ocr-system' content='tesseract 3.04.00' />
  <meta name='ocr-capabilities' content='ocr_page ocr_carea ocr_par ocr_line ocrx_word'/>
</head>
<body>
  <div class='ocr_page' id='page_1' title='image "./tmacciplauticom00schgoog_0537.png"; bbox 0 0 2956 5678; ppageno 0'>
   <div class='ocr_carea' id='block_1_1' title="bbox 161 355 1269 422">
    <p class='ocr_par' dir='ltr' id='par_1_1' title="bbox 161 355 1269 422">
     <span class='ocr_line' id='line_1_1' title="bbox 161 355 1269 422; baseline 0.003 -13"><span class='ocrx_word' id='word_1_1' title='bbox 161 359 182 422; x_wconf 88' lang='grc'><strong>6</strong></span> <span class='ocrx_word' id='word_1_2' title='bbox 672 355 805 411; x_wconf 75' lang='lat' dir='ltr'><strong>PLAV&#39;I’I</strong></span> <span class='ocrx_word' id='word_1_3' title='bbox 1111 359 1177 415; x_wconf 81' lang='lat' dir='ltr'><strong>Ptol.</strong></span> <span class='ocrx_word' id='word_1_4' title='bbox 1191 364 1269 413; x_wconf 76' lang='lat'>13-22</span> 
     </span>
    </p>
   </div>
   <div class='ocr_carea' id='block_1_2' title="bbox 162 520 1269 928">
    <p class='ocr_par' dir='ltr' id='par_1_2' title="bbox 162 520 1028 608">
     <span class='ocr_line' id='line_1_2' title="bbox 162 520 1028 608; baseline -0.001 -22"><span class='ocrx_word' id='word_1_5' title='bbox 162 521 246 586; x_wconf 84' lang='lat' dir='ltr'>Huic</span> <span class='ocrx_word' id='word_1_6' title='bbox 270 524 463 608; x_wconf 76' lang='lat' dir='ltr'><strong>argumento</strong></span> <span class='ocrx_word' id='word_1_7' title='bbox 487 521 690 606; x_wconf 75' lang='lat' dir='ltr'><strong>antelogium</strong></span> <span class='ocrx_word' id='word_1_8' title='bbox 713 520 776 585; x_wconf 89' lang='lat' dir='ltr'><strong>hoc</strong></span> <span class='ocrx_word' id='word_1_9' title='bbox 798 521 861 584; x_wconf 87' lang='lat' dir='ltr'><strong>fuit</strong></span> <span class='ocrx_word' id='word_1_10' title='bbox 883 520 1028 585; x_wconf 76' lang='lat' dir='ltr'>interim:</span> 
     </span>
    </p>

    <p class='ocr_par' dir='ltr' id='par_1_3' title="bbox 162 628 953 714">
     <span class='ocr_line' id='line_1_3' title="bbox 162 628 953 714; baseline -0.003 -20"><span class='ocrx_word' id='word_1_11' title='bbox 162 629 257 694; x_wconf 88' lang='lat' dir='ltr'><strong>Nunc</strong></span> <span class='ocrx_word' id='word_1_12' title='bbox 280 631 506 714; x_wconf 77' lang='lat' dir='ltr'><strong>drgumentum</strong></span> <span class='ocrx_word' id='word_1_13' title='bbox 530 628 624 693; x_wconf 76' lang='lat' dir='ltr'><strong>uobis</strong></span> <span class='ocrx_word' id='word_1_14' title='bbox 647 629 834 693; x_wconf 85' lang='lat' dir='ltr'><strong>demensdm</strong></span> <span class='ocrx_word' id='word_1_15' title='bbox 858 628 953 712; x_wconf 89' lang='lat' dir='ltr'><strong>dabo,</strong></span> 
     </span>
    </p>

    <p class='ocr_par' dir='ltr' id='par_1_4' title="bbox 163 735 1269 928">
     <span class='ocr_line' id='line_1_4' title="bbox 163 735 1269 819; baseline -0.001 -19"><span class='ocrx_word' id='word_1_16' title='bbox 163 735 238 801; x_wconf 93' lang='lat' dir='ltr'><strong>Non</strong></span> <span class='ocrx_word' id='word_1_17' title='bbox 264 735 370 800; x_wconf 79' lang='lat' dir='ltr'><strong>modio</strong></span> <span class='ocrx_word' id='word_1_18' title='bbox 394 758 498 819; x_wconf 89' lang='lat' dir='ltr'><strong>neque</strong></span> <span class='ocrx_word' id='word_1_19' title='bbox 521 736 688 819; x_wconf 79' lang='lat' dir='ltr'><strong>trimodio,</strong></span> <span class='ocrx_word' id='word_1_20' title='bbox 712 757 823 799; x_wconf 87' lang='lat' dir='ltr'><strong>uerum</strong></span> <span class='ocrx_word' id='word_1_21' title='bbox 846 737 918 819; x_wconf 90' lang='lat' dir='ltr'><strong>ipso</strong></span> <span class='ocrx_word' id='word_1_22' title='bbox 942 737 1074 801; x_wconf 74' lang='lat' dir='ltr'><strong>horreo:</strong></span> <span class='ocrx_word' id='word_1_23' title='bbox 1245 754 1269 800; x_wconf 72' lang='lat'><strong>15</strong></span> 
     </span>
     <span class='ocr_line' id='line_1_5' title="bbox 164 841 1182 928; baseline 0.001 -21"><span class='ocrx_word' id='word_1_24' title='bbox 164 843 303 907; x_wconf 84' lang='lat' dir='ltr'><strong>Tantum</strong></span> <span class='ocrx_word' id='word_1_25' title='bbox 329 842 370 907; x_wconf 81' lang='lat' dir='ltr'><strong>dd</strong></span> <span class='ocrx_word' id='word_1_26' title='bbox 392 843 590 907; x_wconf 84' lang='lat' dir='ltr'><strong>narrandum</strong></span> <span class='ocrx_word' id='word_1_27' title='bbox 614 846 842 928; x_wconf 80' lang='lat' dir='ltr'><strong>argumentum</strong></span> <span class='ocrx_word' id='word_1_28' title='bbox 866 842 959 906; x_wconf 86' lang='lat' dir='ltr'><strong>adest</strong></span> <span class='ocrx_word' id='word_1_29' title='bbox 981 841 1182 928; x_wconf 85' lang='lat' dir='ltr'><strong>benignitas.)</strong></span> 
     </span>
    </p>
   </div>
   <div class='ocr_carea' id='block_1_3' title="bbox 164 1001 1269 1623">
    <p class='ocr_par' dir='ltr' id='par_1_5' title="bbox 164 1001 892 1088">
     <span class='ocr_line' id='line_1_6' title="bbox 164 1001 892 1088; baseline -0.001 -20"><span class='ocrx_word' id='word_1_30' title='bbox 164 1004 328 1068; x_wconf 72' lang='lat' dir='ltr'><strong>Mercator</strong></span> <span class='ocrx_word' id='word_1_31' title='bbox 351 1002 484 1088; x_wconf 88' lang='lat' dir='ltr'><strong>quidam</strong></span> <span class='ocrx_word' id='word_1_32' title='bbox 506 1002 570 1068; x_wconf 88' lang='lat' dir='ltr'><strong>fuit</strong></span> <span class='ocrx_word' id='word_1_33' title='bbox 594 1001 763 1068; x_wconf 86' lang='lat' dir='ltr'><strong>Suracusis</strong></span> <span class='ocrx_word' id='word_1_34' title='bbox 787 1024 892 1067; x_wconf 83' lang='lat' dir='ltr'><strong>senex.</strong></span> 
     </span>
    </p>

    <p class='ocr_par' dir='ltr' id='par_1_6' title="bbox 164 1107 768 1196">
     <span class='ocr_line' id='line_1_7' title="bbox 164 1107 768 1196; baseline 0 -23"><span class='ocrx_word' id='word_1_35' title='bbox 164 1108 209 1173; x_wconf 83' lang='lat' dir='ltr'><strong>Ei</strong></span> <span class='ocrx_word' id='word_1_36' title='bbox 231 1119 304 1173; x_wconf 90' lang='lat' dir='ltr'><strong>sunt</strong></span> <span class='ocrx_word' id='word_1_37' title='bbox 327 1111 415 1174; x_wconf 88' lang='lat' dir='ltr'><strong>natei</strong></span> <span class='ocrx_word' id='word_1_38' title='bbox 437 1109 502 1174; x_wconf 83' lang='lat' dir='ltr'><strong>fssii</strong></span> <span class='ocrx_word' id='word_1_39' title='bbox 526 1107 669 1196; x_wconf 78' lang='lat' dir='ltr'><strong>gemines</strong></span> <span class='ocrx_word' id='word_1_40' title='bbox 690 1108 768 1191; x_wconf 87' lang='lat' dir='ltr'><strong>duc,</strong></span> 
     </span>
    </p>

    <p class='ocr_par' dir='ltr' id='par_1_7' title="bbox 165 1215 897 1301">
     <span class='ocr_line' id='line_1_8' title="bbox 165 1215 897 1301; baseline 0 -21"><span class='ocrx_word' id='word_1_41' title='bbox 165 1216 218 1280; x_wconf 90' lang='lat' dir='ltr'><strong>Ita</strong></span> <span class='ocrx_word' id='word_1_42' title='bbox 240 1216 346 1280; x_wconf 76' lang='lat' dir='ltr'><strong>forma</strong></span> <span class='ocrx_word' id='word_1_43' title='bbox 369 1216 468 1280; x_wconf 85' lang='lat' dir='ltr'><strong>simili</strong></span> <span class='ocrx_word' id='word_1_44' title='bbox 491 1216 616 1301; x_wconf 77' lang='lat' dir='ltr'><strong>puerei,</strong></span> <span class='ocrx_word' id='word_1_45' title='bbox 639 1215 688 1280; x_wconf 89' lang='lat' dir='ltr'><strong>uti</strong></span> <span class='ocrx_word' id='word_1_46' title='bbox 711 1217 816 1280; x_wconf 85' lang='lat' dir='ltr'><strong>mate&#39;r</strong></span> <span class='ocrx_word' id='word_1_47' title='bbox 838 1239 897 1280; x_wconf 91' lang='lat' dir='ltr'><strong>sua</strong></span> 
     </span>
    </p>

    <p class='ocr_par' dir='ltr' id='par_1_8' title="bbox 166 1321 1269 1514">
     <span class='ocr_line' id='line_1_9' title="bbox 166 1321 1269 1408; baseline -0.005 -21"><span class='ocrx_word' id='word_1_48' title='bbox 166 1322 242 1388; x_wconf 91' lang='lat' dir='ltr'><strong>Non</strong></span> <span class='ocrx_word' id='word_1_49' title='bbox 265 1321 448 1387; x_wconf 81' lang='lat' dir='ltr'><strong>internosse</strong></span> <span class='ocrx_word' id='word_1_50' title='bbox 470 1324 582 1408; x_wconf 76' lang='lat' dir='ltr'><strong>posset</strong></span> <span class='ocrx_word' id='word_1_51' title='bbox 604 1344 687 1406; x_wconf 89' lang='lat' dir='ltr'><strong>quae</strong></span> <span class='ocrx_word' id='word_1_52' title='bbox 711 1324 885 1399; x_wconf 74' lang='lat' dir='ltr'><strong>mammam</strong></span> <span class='ocrx_word' id='word_1_53' title='bbox 909 1323 1024 1405; x_wconf 88' lang='lat' dir='ltr'><strong>dabat,</strong></span> <span class='ocrx_word' id='word_1_54' title='bbox 1244 1337 1269 1383; x_wconf 77' lang='lat' dir='ltr'><strong>uc</strong></span> 
     </span>
     <span class='ocr_line' id='line_1_10' title="bbox 166 1428 1011 1514; baseline 0 -19"><span class='ocrx_word' id='word_1_55' title='bbox 166 1429 280 1514; x_wconf 81' lang='lat' dir='ltr'>Neque</span> <span class='ocrx_word' id='word_1_56' title='bbox 304 1429 383 1494; x_wconf 78' lang='lat' dir='ltr'><strong>adeo</strong></span> <span class='ocrx_word' id='word_1_57' title='bbox 408 1434 512 1493; x_wconf 89' lang='lat' dir='ltr'><strong>mater</strong></span> <span class='ocrx_word' id='word_1_58' title='bbox 533 1428 606 1514; x_wconf 87' lang='lat' dir='ltr'><strong>ipsa</strong></span> <span class='ocrx_word' id='word_1_59' title='bbox 630 1451 711 1512; x_wconf 89' lang='lat' dir='ltr'><strong>quae</strong></span> <span class='ocrx_word' id='word_1_60' title='bbox 734 1428 810 1493; x_wconf 86' lang='lat' dir='ltr'><strong>illos</strong></span> <span class='ocrx_word' id='word_1_61' title='bbox 833 1430 1011 1513; x_wconf 75' lang='lat' dir='ltr'><strong>pepererat.</strong></span> 
     </span>
    </p>

    <p class='ocr_par' dir='ltr' id='par_1_9' title="bbox 167 1534 1070 1623">
     <span class='ocr_line' id='line_1_11' title="bbox 167 1534 1070 1623; baseline 0.001 -22"><span class='ocrx_word' id='word_1_62' title='bbox 167 1537 229 1623; x_wconf 81' lang='lat' dir='ltr'><strong>(Vt</strong></span> <span class='ocrx_word' id='word_1_63' title='bbox 252 1535 380 1621; x_wconf 86' lang='lat' dir='ltr'><strong>quidem</strong></span> <span class='ocrx_word' id='word_1_64' title='bbox 403 1537 459 1601; x_wconf 92' lang='lat' dir='ltr'><strong>ille</strong></span> <span class='ocrx_word' id='word_1_65' title='bbox 482 1536 563 1600; x_wconf 81' lang='lat' dir='ltr'><strong>dixit</strong></span> <span class='ocrx_word' id='word_1_66' title='bbox 587 1534 683 1620; x_wconf 80' lang='lat' dir='ltr'><strong>mihi,</strong></span> <span class='ocrx_word' id='word_1_67' title='bbox 707 1535 763 1619; x_wconf 90' lang='lat' dir='ltr'><strong>qui</strong></span> <span class='ocrx_word' id='word_1_68' title='bbox 785 1558 904 1620; x_wconf 86' lang='lat' dir='ltr'><strong>pueros</strong></span> <span class='ocrx_word' id='word_1_69' title='bbox 928 1535 1070 1602; x_wconf 84' lang='lat' dir='ltr'><strong>uiderat:</strong></span> 
     </span>
    </p>
   </div>
   <div class='ocr_carea' id='block_1_4' title="bbox 166 1663 379 1673">
    <p class='ocr_par' dir='ltr' id='par_1_10' title="bbox 166 1663 379 1673">
     <span class='ocr_line' id='line_1_12' title="bbox 166 1663 379 1673; baseline -0.019 0"><span class='ocrx_word' id='word_1_70' title='bbox 166 1663 379 1673; x_wconf 74' lang='lat'>——-——</span> 
     </span>
    </p>
   </div>
   <div class='ocr_carea' id='block_1_5' title="bbox 168 1727 1286 3162">
    <p class='ocr_par' dir='ltr' id='par_1_11' title="bbox 168 1727 1286 3162">
     <span class='ocr_line' id='line_1_13' title="bbox 169 1727 1275 1799; baseline -0.005 -15"><span class='ocrx_word' id='word_1_71' title='bbox 169 1731 229 1785; x_wconf 87' lang='lat' dir='ltr'><strong>fieri</strong></span> <span class='ocrx_word' id='word_1_72' title='bbox 253 1730 462 1798; x_wconf 84' lang='lat' dir='ltr'><strong>frequentatiua</strong></span> <span class='ocrx_word' id='word_1_73' title='bbox 488 1728 586 1797; x_wconf 87' lang='lat' dir='ltr'><strong>uerba,</strong></span> <span class='ocrx_word' id='word_1_74' title='bbox 614 1727 650 1781; x_wconf 91' lang='lat' dir='ltr'><strong>ah</strong></span> <span class='ocrx_word' id='word_1_75' title='bbox 678 1727 852 1797; x_wconf 87' lang='lat' dir='ltr'><strong>appellatiuo</strong></span> <span class='ocrx_word' id='word_1_76' title='bbox 881 1731 913 1783; x_wconf 89' lang='lat' dir='ltr'><strong>ut</strong></span> <span class='ocrx_word' id='word_1_77' title='bbox 943 1730 1136 1799; x_wconf 75' lang='lat' dir='ltr'><strong>‘graecizat</strong></span> <span class='ocrx_word' id='word_1_78' title='bbox 1157 1727 1275 1786; x_wconf 76' lang='lat' dir='ltr'><strong>sicilicet</strong></span> 
     </span>
     <span class='ocr_line' id='line_1_14' title="bbox 170 1807 1275 1882; baseline -0.001 -17"><span class='ocrx_word' id='word_1_79' title='bbox 170 1811 319 1882; x_wconf 85' lang='lat' dir='ltr'><strong>patrizat’‚</strong></span> <span class='ocrx_word' id='word_1_80' title='bbox 338 1828 355 1865; x_wconf 92' lang='lat' dir='ltr'><strong>a</strong></span> <span class='ocrx_word' id='word_1_81' title='bbox 373 1809 485 1880; x_wconf 77' lang='lat' dir='ltr'><strong>proptio</strong></span> <span class='ocrx_word' id='word_1_82' title='bbox 505 1812 537 1863; x_wconf 90' lang='lat' dir='ltr'><strong>ut</strong></span> <span class='ocrx_word' id='word_1_83' title='bbox 556 1807 745 1864; x_wconf 78' lang='lat' dir='ltr'><strong>‘lentulizal’.</strong></span> <span class='ocrx_word' id='word_1_84' title='bbox 782 1808 893 1864; x_wconf 80' lang='lat' dir='ltr'><strong>Paulus</strong></span> <span class='ocrx_word' id='word_1_85' title='bbox 907 1828 937 1880; x_wconf 77' lang='lat' dir='ltr'><strong>p.</strong></span> <span class='ocrx_word' id='word_1_86' title='bbox 958 1815 1012 1880; x_wconf 76' lang='lat'><strong>28,</strong></span> <span class='ocrx_word' id='word_1_87' title='bbox 1031 1818 1067 1867; x_wconf 86' lang='lat'><strong>17</strong></span> <span class='ocrx_word' id='word_1_88' title='bbox 1087 1813 1143 1868; x_wconf 76' lang='lat' dir='ltr'><strong>M„-</strong></span> <span class='ocrx_word' id='word_1_89' title='bbox 1160 1807 1275 1866; x_wconf 70' lang='lat' dir='ltr'><strong>audac</strong></span> 
     </span>
     <span class='ocr_line' id='line_1_15' title="bbox 169 1887 1276 1958; baseline -0.005 -14"><span class='ocrx_word' id='word_1_90' title='bbox 169 1890 256 1946; x_wconf 88' lang='lat' dir='ltr'><strong>attice</strong></span> <span class='ocrx_word' id='word_1_91' title='bbox 275 1890 399 1958; x_wconf 88' lang='lat' dir='ltr'><strong>loquitur</strong></span> <span class='ocrx_word' id='word_1_92' title='bbox 418 1889 547 1943; x_wconf 85' lang='lat' dir='ltr'><strong>Plautus:</strong></span> <span class='ocrx_word' id='word_1_93' title='bbox 570 1904 635 1941; x_wconf 94' lang='lat' dir='ltr'><strong>non</strong></span> <span class='ocrx_word' id='word_1_94' title='bbox 658 1887 844 1944; x_wconf 86' lang='lat' dir='ltr'><strong>atticissat</strong></span> <span class='ocrx_word' id='word_1_95' title='bbox 866 1890 924 1945; x_wconf 90' lang='lat' dir='ltr'><strong>sed</strong></span> <span class='ocrx_word' id='word_1_96' title='bbox 948 1890 1126 1948; x_wconf 85' lang='lat' dir='ltr'><strong>sicilissat</strong></span> <span class='ocrx_word' id='word_1_97' title='bbox 1145 1892 1162 1947; x_wconf 86' lang='lat' dir='ltr'><strong>i.</strong></span> <span class='ocrx_word' id='word_1_98' title='bbox 1179 1910 1199 1947; x_wconf 88' lang='lat' dir='ltr'><strong>e.</strong></span> <span class='ocrx_word' id='word_1_99' title='bbox 1213 1887 1276 1944; x_wconf 86' lang='lat' dir='ltr'><strong>sieule</strong></span> 
     </span>
     <span class='ocr_line' id='line_1_16' title="bbox 169 1967 1277 2040; baseline -0.003 -16"><span class='ocrx_word' id='word_1_100' title='bbox 169 1970 308 2039; x_wconf 84' lang='lat' dir='ltr'><strong>loquitur:</strong></span> <span class='ocrx_word' id='word_1_101' title='bbox 327 1971 363 2036; x_wconf 81' lang='lat' dir='ltr'><strong>cf.</strong></span> <span class='ocrx_word' id='word_1_102' title='bbox 373 1969 543 2038; x_wconf 80' lang='lat' dir='ltr'><strong>Leidolptae</strong></span> <span class='ocrx_word' id='word_1_103' title='bbox 559 1968 602 2023; x_wconf 77' lang='lat' dir='ltr'><strong>‘de</strong></span> <span class='ocrx_word' id='word_1_104' title='bbox 612 1968 691 2024; x_wconf 83' lang='lat' dir='ltr'><strong>Festi</strong></span> <span class='ocrx_word' id='word_1_105' title='bbox 704 1976 730 2024; x_wconf 81' lang='lat' dir='ltr'><strong>et</strong></span> <span class='ocrx_word' id='word_1_106' title='bbox 742 1969 830 2024; x_wconf 80' lang='lat' dir='ltr'><strong>Pauli</strong></span> <span class='ocrx_word' id='word_1_107' title='bbox 843 1970 861 2024; x_wconf 86' lang='lat' dir='ltr'><strong>l.</strong></span> <span class='ocrx_word' id='word_1_108' title='bbox 877 1971 935 2025; x_wconf 58' lang='grc' dir='ltr'><strong>ΡΙ)</strong></span> <span class='ocrx_word' id='word_1_109' title='bbox 946 1988 977 2040; x_wconf 77' lang='lat' dir='ltr'><strong>p.</strong></span> <span class='ocrx_word' id='word_1_110' title='bbox 990 1976 1057 2038; x_wconf 73' lang='lat'><strong>249,</strong></span> <span class='ocrx_word' id='word_1_111' title='bbox 1074 1973 1188 2028; x_wconf 75' lang='lat' dir='ltr'><strong>Baiocas</strong></span> <span class='ocrx_word' id='word_1_112' title='bbox 1203 1971 1235 2024; x_wconf 80' lang='lat' dir='ltr'><strong>‘de</strong></span> <span class='ocrx_word' id='word_1_113' title='bbox 1244 1967 1277 2021; x_wconf 87' lang='lat' dir='ltr'><strong>Pl.</strong></span> 
     </span>
     <span class='ocr_line' id='line_1_17' title="bbox 168 2046 1278 2120; baseline -0.002 -13"><span class='ocrx_word' id='word_1_114' title='bbox 168 2053 225 2120; x_wconf 71' lang='lat' dir='ltr'><strong>lab.</strong></span> <span class='ocrx_word' id='word_1_115' title='bbox 240 2068 291 2106; x_wconf 87' lang='lat' dir='ltr'><strong>rec.</strong></span> <span class='ocrx_word' id='word_1_116' title='bbox 307 2053 333 2103; x_wconf 85' lang='lat' dir='ltr'><em>A</em></span> <span class='ocrx_word' id='word_1_117' title='bbox 348 2055 372 2103; x_wconf 82' lang='lat' dir='ltr'><strong>et</strong></span> <span class='ocrx_word' id='word_1_118' title='bbox 386 2049 422 2104; x_wconf 87' lang='lat' dir='ltr'><strong>P’</strong></span> <span class='ocrx_word' id='word_1_119' title='bbox 440 2053 531 2118; x_wconf 58' lang='lat'><em>1275.</em></span> <span class='ocrx_word' id='word_1_120' title='bbox 566 2046 744 2103; x_wconf 76' lang='lat' dir='ltr'><strong>atticissabas</strong></span> <span class='ocrx_word' id='word_1_121' title='bbox 758 2050 823 2103; x_wconf 80' lang='lat' dir='ltr'><strong>hinc</strong></span> <span class='ocrx_word' id='word_1_122' title='bbox 836 2050 937 2105; x_wconf 71' lang='lat' dir='ltr'><strong>labere</strong></span> <span class='ocrx_word' id='word_1_123' title='bbox 949 2052 1059 2107; x_wconf 65' lang='lat' dir='ltr'><strong>videar</strong></span> <span class='ocrx_word' id='word_1_124' title='bbox 1069 2053 1195 2109; x_wconf 70' lang='lat' dir='ltr'><strong>Sidoniae</strong></span> <span class='ocrx_word' id='word_1_125' title='bbox 1201 2048 1278 2119; x_wconf 77' lang='lat' dir='ltr'><strong>Apelli·</strong></span> 
     </span>
     <span class='ocr_line' id='line_1_18' title="bbox 168 2128 1279 2201; baseline 0 -16"><span class='ocrx_word' id='word_1_126' title='bbox 168 2133 248 2186; x_wconf 72' lang='lat' dir='ltr'><strong>czaris</strong></span> <span class='ocrx_word' id='word_1_127' title='bbox 266 2131 357 2200; x_wconf 72' lang='lat' dir='ltr'><strong>Epist.</strong></span> <span class='ocrx_word' id='word_1_128' title='bbox 378 2129 430 2182; x_wconf 84' lang='lat' dir='ltr'><strong>IV</strong></span> <span class='ocrx_word' id='word_1_129' title='bbox 447 2133 508 2196; x_wconf 80' lang='lat'><strong>1‚4</strong></span> <span class='ocrx_word' id='word_1_130' title='bbox 600 2134 642 2182; x_wconf 88' lang='lat'><strong>13.</strong></span> <span class='ocrx_word' id='word_1_131' title='bbox 662 2130 805 2184; x_wconf 78' lang='lat' dir='ltr'><strong>Ausonius</strong></span> <span class='ocrx_word' id='word_1_132' title='bbox 828 2128 920 2198; x_wconf 77' lang='lat' dir='ltr'><strong>Epist.</strong></span> <span class='ocrx_word' id='word_1_133' title='bbox 941 2130 1024 2186; x_wconf 86' lang='lat' dir='ltr'><strong>XVI</strong></span> <span class='ocrx_word' id='word_1_134' title='bbox 1048 2131 1135 2201; x_wconf 86' lang='lat' dir='ltr'><em>(XII</em></span> <span class='ocrx_word' id='word_1_135' title='bbox 1149 2133 1187 2188; x_wconf 82' lang='lat' dir='ltr'><strong>ed.</strong></span> <span class='ocrx_word' id='word_1_136' title='bbox 1203 2130 1279 2197; x_wconf 67' lang='lat' dir='ltr'><strong>Pecu</strong></span> 
     </span>
     <span class='ocr_line' id='line_1_19' title="bbox 171 2205 1280 2279; baseline -0.003 -14"><span class='ocrx_word' id='word_1_137' title='bbox 171 2210 270 2265; x_wconf 91' lang='lat' dir='ltr'><strong>libello</strong></span> <span class='ocrx_word' id='word_1_138' title='bbox 288 2215 384 2265; x_wconf 83' lang='lat' dir='ltr'><strong>tamen</strong></span> <span class='ocrx_word' id='word_1_139' title='bbox 401 2209 585 2278; x_wconf 79' lang='lat' dir='ltr'><strong>apologorum</strong></span> <span class='ocrx_word' id='word_1_140' title='bbox 604 2208 725 2263; x_wconf 85' lang='lat' dir='ltr'><strong>antetuli</strong></span> <span class='ocrx_word' id='word_1_141' title='bbox 742 2225 847 2279; x_wconf 87' lang='lat' dir='ltr'><strong>paucos</strong></span> <span class='ocrx_word' id='word_1_142' title='bbox 871 2208 976 2278; x_wconf 87' lang='lat' dir='ltr'><strong>epodos</strong></span> <span class='ocrx_word' id='word_1_143' title='bbox 990 2252 1014 2267; x_wconf 88' lang='lat'><strong>..</strong></span> <span class='ocrx_word' id='word_1_144' title='bbox 1045 2252 1052 2266; x_wconf 92' lang='lat'><strong>.</strong></span> <span class='ocrx_word' id='word_1_145' title='bbox 1071 2211 1130 2268; x_wconf 83' lang='lat' dir='ltr'><strong>fors</strong></span> <span class='ocrx_word' id='word_1_146' title='bbox 1146 2211 1210 2278; x_wconf 78' lang='lat' dir='ltr'><strong>fuat,</strong></span> <span class='ocrx_word' id='word_1_147' title='bbox 1226 2205 1280 2262; x_wconf 82' lang='lat' dir='ltr'><strong>utsi</strong></span> 
     </span>
     <span class='ocr_line' id='line_1_20' title="bbox 170 2286 1281 2360; baseline -0.004 -14"><span class='ocrx_word' id='word_1_148' title='bbox 170 2290 241 2346; x_wconf 90' lang='lat' dir='ltr'><strong>mihi</strong></span> <span class='ocrx_word' id='word_1_149' title='bbox 266 2291 326 2345; x_wconf 90' lang='lat' dir='ltr'><strong>uita</strong></span> <span class='ocrx_word' id='word_1_150' title='bbox 351 2292 483 2359; x_wconf 77' lang='lat' dir='ltr'><strong>suppetet</strong></span> <span class='ocrx_word' id='word_1_151' title='bbox 506 2287 615 2356; x_wconf 86' lang='lat' dir='ltr'><strong>aliquid</strong></span> <span class='ocrx_word' id='word_1_152' title='bbox 637 2305 730 2344; x_wconf 87' lang='lat' dir='ltr'><strong>rerum</strong></span> <span class='ocrx_word' id='word_1_153' title='bbox 757 2291 870 2343; x_wconf 85' lang='lat' dir='ltr'><strong>tuarum</strong></span> <span class='ocrx_word' id='word_1_154' title='bbox 893 2291 1022 2360; x_wconf 89' lang='lat' dir='ltr'><strong>quamuis</strong></span> <span class='ocrx_word' id='word_1_155' title='bbox 1039 2291 1161 2348; x_wconf 85' lang='lat' dir='ltr'><strong>incultus</strong></span> <span class='ocrx_word' id='word_1_156' title='bbox 1176 2286 1281 2360; x_wconf 72' lang='lat' dir='ltr'><strong>expoliem</strong></span> 
     </span>
     <span class='ocr_line' id='line_1_21' title="bbox 174 2367 1281 2444; baseline -0.003 -16"><span class='ocrx_word' id='word_1_157' title='bbox 174 2371 276 2428; x_wconf 87' lang='lat' dir='ltr'><strong>....hi</strong></span> <span class='ocrx_word' id='word_1_158' title='bbox 294 2369 389 2439; x_wconf 87' lang='lat' dir='ltr'><strong>igitur,</strong></span> <span class='ocrx_word' id='word_1_159' title='bbox 408 2374 440 2423; x_wconf 92' lang='lat' dir='ltr'><strong>ut</strong></span> <span class='ocrx_word' id='word_1_160' title='bbox 453 2368 570 2422; x_wconf 88' lang='lat' dir='ltr'><strong>Plautus</strong></span> <span class='ocrx_word' id='word_1_161' title='bbox 585 2368 635 2434; x_wconf 92' lang='lat' dir='ltr'><strong>ait,</strong></span> <span class='ocrx_word' id='word_1_162' title='bbox 654 2369 796 2424; x_wconf 86' lang='lat' dir='ltr'><strong>interim</strong></span> <span class='ocrx_word' id='word_1_163' title='bbox 809 2369 867 2441; x_wconf 78' lang='lat' dir='ltr'><strong>[sic</strong></span> <span class='ocrx_word' id='word_1_164' title='bbox 880 2371 938 2427; x_wconf 85' lang='lat' dir='ltr'><strong>cod.</strong></span> <span class='ocrx_word' id='word_1_165' title='bbox 955 2369 988 2439; x_wconf 83' lang='lat' dir='ltr'><strong>T,</strong></span> <span class='ocrx_word' id='word_1_166' title='bbox 1002 2372 1086 2442; x_wconf 68' lang='lat' dir='ltr'><strong>vulp,</strong></span> <span class='ocrx_word' id='word_1_167' title='bbox 1099 2373 1186 2444; x_wconf 73' lang='lat' dir='ltr'><strong>Peip:</strong></span> <span class='ocrx_word' id='word_1_168' title='bbox 1200 2367 1281 2427; x_wconf 75' lang='lat' dir='ltr'><strong>uuum</strong></span> 
     </span>
     <span class='ocr_line' id='line_1_22' title="bbox 171 2447 1282 2520; baseline 0.001 -15"><span class='ocrx_word' id='word_1_169' title='bbox 171 2457 204 2507; x_wconf 88' lang='lat' dir='ltr'><strong>ut</strong></span> <span class='ocrx_word' id='word_1_170' title='bbox 217 2450 334 2505; x_wconf 89' lang='lat' dir='ltr'><strong>Plautus</strong></span> <span class='ocrx_word' id='word_1_171' title='bbox 348 2449 390 2503; x_wconf 90' lang='lat' dir='ltr'><strong>ait</strong></span> <span class='ocrx_word' id='word_1_172' title='bbox 403 2450 461 2504; x_wconf 86' lang='lat' dir='ltr'><strong>cod.</strong></span> <span class='ocrx_word' id='word_1_173' title='bbox 477 2448 519 2516; x_wconf 88' lang='lat' dir='ltr'><strong>M,</strong></span> <span class='ocrx_word' id='word_1_174' title='bbox 534 2448 666 2520; x_wconf 71' lang='lat' dir='ltr'><strong>delicati]</strong></span> <span class='ocrx_word' id='word_1_175' title='bbox 685 2450 785 2504; x_wconf 85' lang='lat' dir='ltr'><strong>erunt</strong></span> <span class='ocrx_word' id='word_1_176' title='bbox 799 2447 1016 2520; x_wconf 78' lang='lat' dir='ltr'><strong>antelogium</strong></span> <span class='ocrx_word' id='word_1_177' title='bbox 1030 2451 1222 2518; x_wconf 77' lang='lat' dir='ltr'><strong>fabularum¹</strong></span> <span class='ocrx_word' id='word_1_178' title='bbox 1236 2464 1282 2519; x_wconf 79' lang='lat' dir='ltr'><strong>gu-</strong></span> 
     </span>
     <span class='ocr_line' id='line_1_23' title="bbox 171 2527 1282 2600; baseline -0.004 -16"><span class='ocrx_word' id='word_1_179' title='bbox 171 2530 227 2585; x_wconf 90' lang='lat' dir='ltr'><strong>ruli</strong></span> <span class='ocrx_word' id='word_1_180' title='bbox 241 2533 270 2584; x_wconf 90' lang='lat' dir='ltr'><strong>et</strong></span> <span class='ocrx_word' id='word_1_181' title='bbox 284 2530 454 2600; x_wconf 88' lang='lat' dir='ltr'><strong>deceptores.</strong></span> <span class='ocrx_word' id='word_1_182' title='bbox 494 2529 536 2595; x_wconf 81' lang='lat' dir='ltr'><strong>Of.</strong></span> <span class='ocrx_word' id='word_1_183' title='bbox 548 2528 716 2600; x_wconf 69' lang='lat' dir='ltr'><strong>Fulgentius</strong></span> <span class='ocrx_word' id='word_1_184' title='bbox 729 2530 831 2585; x_wconf 78' lang='lat' dir='ltr'><strong>contin.</strong></span> <span class='ocrx_word' id='word_1_185' title='bbox 848 2529 926 2599; x_wconf 67' lang='lat' dir='ltr'><strong>Vero.</strong></span> <span class='ocrx_word' id='word_1_186' title='bbox 937 2547 967 2600; x_wconf 78' lang='lat' dir='ltr'><strong>p.</strong></span> <span class='ocrx_word' id='word_1_187' title='bbox 978 2536 1034 2586; x_wconf 74' lang='lat'><strong>146</strong></span> <span class='ocrx_word' id='word_1_188' title='bbox 1044 2532 1088 2586; x_wconf 86' lang='lat' dir='ltr'><strong>M.</strong></span> <span class='ocrx_word' id='word_1_189' title='bbox 1134 2537 1230 2587; x_wconf 73' lang='lat'>19-21.</span> <span class='ocrx_word' id='word_1_190' title='bbox 1240 2527 1282 2581; x_wconf 84' lang='lat' dir='ltr'><strong>Nu·</strong></span> 
     </span>
     <span class='ocr_line' id='line_1_24' title="bbox 171 2608 1283 2680; baseline -0.004 -15"><span class='ocrx_word' id='word_1_191' title='bbox 171 2613 236 2666; x_wconf 80' lang='lat' dir='ltr'><strong>aias</strong></span> <span class='ocrx_word' id='word_1_192' title='bbox 245 2629 272 2680; x_wconf 84' lang='lat' dir='ltr'><strong>p.</strong></span> <span class='ocrx_word' id='word_1_193' title='bbox 284 2615 347 2676; x_wconf 79' lang='lat'><strong><em>343,</em></strong></span> <span class='ocrx_word' id='word_1_194' title='bbox 361 2610 461 2665; x_wconf 85' lang='lat' dir='ltr'><strong>30M.:</strong></span> <span class='ocrx_word' id='word_1_195' title='bbox 483 2611 602 2663; x_wconf 86' lang='lat' dir='ltr'><strong>matrcm</strong></span> <span class='ocrx_word' id='word_1_196' title='bbox 616 2613 726 2664; x_wconf 85' lang='lat' dir='ltr'><strong>ueteres</strong></span> <span class='ocrx_word' id='word_1_197' title='bbox 741 2611 827 2664; x_wconf 84' lang='lat' dir='ltr'><strong>etiam</strong></span> <span class='ocrx_word' id='word_1_198' title='bbox 836 2610 973 2665; x_wconf 76' lang='lat' dir='ltr'><strong>nutricem</strong></span> <span class='ocrx_word' id='word_1_199' title='bbox 989 2609 1046 2666; x_wconf 88' lang='lat' dir='ltr'><strong>dici</strong></span> <span class='ocrx_word' id='word_1_200' title='bbox 1060 2613 1167 2667; x_wconf 89' lang='lat' dir='ltr'><strong>uolunt.</strong></span> <span class='ocrx_word' id='word_1_201' title='bbox 1199 2608 1283 2665; x_wconf 78' lang='lat' dir='ltr'><strong>Plautia</strong></span> 
     </span>
     <span class='ocr_line' id='line_1_25' title="bbox 173 2685 1284 2760; baseline -0.004 -14"><span class='ocrx_word' id='word_1_202' title='bbox 173 2691 363 2747; x_wconf 85' lang='lat' dir='ltr'><strong>Menaechmis</strong></span> <span class='ocrx_word' id='word_1_203' title='bbox 384 2690 445 2744; x_wconf 84' lang='lat' dir='ltr'><strong>‘ita</strong></span> <span class='ocrx_word' id='word_1_204' title='bbox 456 2733 461 2744; x_wconf 94' lang='lat'><em>.</em></span> <span class='ocrx_word' id='word_1_205' title='bbox 473 2734 479 2747; x_wconf 88' lang='lat'>.</span> <span class='ocrx_word' id='word_1_206' title='bbox 492 2732 497 2743; x_wconf 93' lang='lat'>.</span> <span class='ocrx_word' id='word_1_207' title='bbox 509 2732 514 2743; x_wconf 93' lang='lat'>.</span> <span class='ocrx_word' id='word_1_208' title='bbox 525 2691 735 2759; x_wconf 62' lang='lat' dir='ltr'><strong>pepererat,</strong></span> <span class='ocrx_word' id='word_1_209' title='bbox 752 2722 785 2729; x_wconf 99' lang='lat'><strong>—</strong></span> <span class='ocrx_word' id='word_1_210' title='bbox 799 2691 1041 2760; x_wconf 56' lang='lat' dir='ltr'><strong>&amp;mamaea</strong></span> <span class='ocrx_word' id='word_1_211' title='bbox 1061 2695 1151 2748; x_wconf 88' lang='lat' dir='ltr'><strong>mater</strong></span> <span class='ocrx_word' id='word_1_212' title='bbox 1167 2685 1284 2759; x_wconf 78' lang='lat' dir='ltr'><strong>aliquado</strong></span> 
     </span>
     <span class='ocr_line' id='line_1_26' title="bbox 172 2765 1284 2843; baseline -0.004 -16"><span class='ocrx_word' id='word_1_213' title='bbox 172 2792 223 2843; x_wconf 84' lang='lat' dir='ltr'><strong>pro</strong></span> <span class='ocrx_word' id='word_1_214' title='bbox 242 2772 349 2827; x_wconf 90' lang='lat' dir='ltr'><strong>nutrice</strong></span> <span class='ocrx_word' id='word_1_215' title='bbox 364 2770 495 2840; x_wconf 88' lang='lat' dir='ltr'><strong>ponitur.</strong></span> <span class='ocrx_word' id='word_1_216' title='bbox 507 2814 513 2826; x_wconf 89' lang='lat'>.</span> <span class='ocrx_word' id='word_1_217' title='bbox 525 2811 548 2824; x_wconf 90' lang='lat'><strong>..</strong></span> <span class='ocrx_word' id='word_1_218' title='bbox 561 2768 677 2824; x_wconf 91' lang='lat' dir='ltr'><strong>Plautus</strong></span> <span class='ocrx_word' id='word_1_219' title='bbox 691 2769 882 2825; x_wconf 82' lang='lat' dir='ltr'><strong>Menaechmis</strong></span> <span class='ocrx_word' id='word_1_220' title='bbox 900 2771 960 2825; x_wconf 84' lang='lat' dir='ltr'><strong>‘ita</strong></span> <span class='ocrx_word' id='word_1_221' title='bbox 970 2811 976 2823; x_wconf 90' lang='lat'><em>.</em></span> <span class='ocrx_word' id='word_1_222' title='bbox 988 2813 994 2824; x_wconf 93' lang='lat'>.</span> <span class='ocrx_word' id='word_1_223' title='bbox 1005 2813 1012 2826; x_wconf 88' lang='lat'><strong>.</strong></span> <span class='ocrx_word' id='word_1_224' title='bbox 1023 2813 1029 2826; x_wconf 91' lang='lat'><strong>.</strong></span> <span class='ocrx_word' id='word_1_225' title='bbox 1042 2769 1232 2842; x_wconf 85' lang='lat' dir='ltr'><strong>pepererat&#39;.</strong></span> <span class='ocrx_word' id='word_1_226' title='bbox 1253 2765 1284 2831; x_wconf 70' lang='lat' dir='ltr'><strong>Cf·</strong></span> 
     </span>
     <span class='ocr_line' id='line_1_27' title="bbox 174 2844 1283 2920; baseline -0.004 -13"><span class='ocrx_word' id='word_1_227' title='bbox 174 2854 320 2908; x_wconf 79' lang='lat' dir='ltr'><strong>Rebtiaiaa</strong></span> <span class='ocrx_word' id='word_1_228' title='bbox 339 2852 383 2906; x_wconf 82' lang='lat' dir='ltr'><strong>‘de</strong></span> <span class='ocrx_word' id='word_1_229' title='bbox 400 2851 474 2906; x_wconf 81' lang='lat' dir='ltr'><strong>Noa.</strong></span> <span class='ocrx_word' id='word_1_230' title='bbox 495 2852 511 2904; x_wconf 86' lang='lat' dir='ltr'><strong>l.</strong></span> <span class='ocrx_word' id='word_1_231' title='bbox 531 2849 587 2904; x_wconf 83' lang='lat' dir='ltr'><strong>Pt’</strong></span> <span class='ocrx_word' id='word_1_232' title='bbox 605 2867 635 2919; x_wconf 79' lang='lat' dir='ltr'><strong>p.</strong></span> <span class='ocrx_word' id='word_1_233' title='bbox 655 2854 717 2917; x_wconf 80' lang='lat'><strong><em>104,</em></strong></span> <span class='ocrx_word' id='word_1_234' title='bbox 737 2850 839 2905; x_wconf 77' lang='lat' dir='ltr'><strong>Caesar</strong></span> <span class='ocrx_word' id='word_1_235' title='bbox 859 2851 903 2905; x_wconf 84' lang='lat' dir='ltr'><strong>‘de</strong></span> <span class='ocrx_word' id='word_1_236' title='bbox 923 2848 969 2903; x_wconf 88' lang='lat' dir='ltr'><strong>Pl.</strong></span> <span class='ocrx_word' id='word_1_237' title='bbox 988 2866 1064 2905; x_wconf 78' lang='lat' dir='ltr'><strong>mera.</strong></span> <span class='ocrx_word' id='word_1_238' title='bbox 1084 2868 1129 2920; x_wconf 86' lang='lat' dir='ltr'><strong>ap.</strong></span> <span class='ocrx_word' id='word_1_239' title='bbox 1147 2851 1212 2906; x_wconf 78' lang='lat' dir='ltr'><strong>Noa</strong></span> <span class='ocrx_word' id='word_1_240' title='bbox 1226 2844 1283 2903; x_wconf 61' lang='lat' dir='ltr'><strong>cete?</strong></span> 
     </span>
     <span class='ocr_line' id='line_1_28' title="bbox 172 2923 1283 3004; baseline -0.007 -17"><span class='ocrx_word' id='word_1_241' title='bbox 172 2952 201 3003; x_wconf 85' lang='lat' dir='ltr'><strong>p.</strong></span> <span class='ocrx_word' id='word_1_242' title='bbox 216 2938 259 2987; x_wconf 83' lang='lat'><strong>31.</strong></span> <span class='ocrx_word' id='word_1_243' title='bbox 281 2962 315 2971; x_wconf 90' lang='lat'><em>-</em></span> <span class='ocrx_word' id='word_1_244' title='bbox 334 2931 485 3004; x_wconf 79' lang='lat' dir='ltr'><strong>[Seruius]</strong></span> <span class='ocrx_word' id='word_1_245' title='bbox 499 2931 536 2984; x_wconf 85' lang='lat' dir='ltr'><strong>ad</strong></span> <span class='ocrx_word' id='word_1_246' title='bbox 550 2929 704 3000; x_wconf 63' lang='lat' dir='ltr'><strong>Vercalea.</strong></span> <span class='ocrx_word' id='word_1_247' title='bbox 726 2930 816 2984; x_wconf 87' lang='lat' dir='ltr'><em>VIII</em></span> <span class='ocrx_word' id='word_1_248' title='bbox 824 2934 897 2985; x_wconf 76' lang='lat'><em>632:</em></span> <span class='ocrx_word' id='word_1_249' title='bbox 916 2947 983 2984; x_wconf 90' lang='lat' dir='ltr'><strong>sane</strong></span> <span class='ocrx_word' id='word_1_250' title='bbox 1001 2933 1113 2985; x_wconf 88' lang='lat' dir='ltr'><strong>ueteres</strong></span> <span class='ocrx_word' id='word_1_251' title='bbox 1126 2929 1205 2986; x_wconf 86' lang='lat' dir='ltr'><strong>etiam</strong></span> <span class='ocrx_word' id='word_1_252' title='bbox 1219 2923 1283 2983; x_wconf 85' lang='lat' dir='ltr'><strong>nutri·</strong></span> 
     </span>
     <span class='ocr_line' id='line_1_29' title="bbox 176 3008 1286 3068; baseline -0.011 0"><span class='ocrx_word' id='word_1_253' title='bbox 176 3029 222 3068; x_wconf 89' lang='lat' dir='ltr'><strong>ces</strong></span> <span class='ocrx_word' id='word_1_254' title='bbox 245 3015 349 3066; x_wconf 88' lang='lat' dir='ltr'><strong>matres</strong></span> <span class='ocrx_word' id='word_1_255' title='bbox 368 3010 511 3066; x_wconf 89' lang='lat' dir='ltr'><strong>uocabant</strong></span> <span class='ocrx_word' id='word_1_256' title='bbox 534 3012 566 3064; x_wconf 91' lang='lat' dir='ltr'><strong>ut</strong></span> <span class='ocrx_word' id='word_1_257' title='bbox 589 3010 630 3064; x_wconf 88' lang='lat' dir='ltr'><strong>ait</strong></span> <span class='ocrx_word' id='word_1_258' title='bbox 653 3009 770 3064; x_wconf 87' lang='lat' dir='ltr'><strong>Plautus</strong></span> <span class='ocrx_word' id='word_1_259' title='bbox 794 3010 822 3064; x_wconf 90' lang='lat' dir='ltr'><strong>in</strong></span> <span class='ocrx_word' id='word_1_260' title='bbox 847 3008 1039 3064; x_wconf 87' lang='lat' dir='ltr'><strong>Menaechmis</strong></span> <span class='ocrx_word' id='word_1_261' title='bbox 1065 3010 1110 3065; x_wconf 83' lang='lat' dir='ltr'><strong>‘et</strong></span> <span class='ocrx_word' id='word_1_262' title='bbox 1132 3012 1286 3066; x_wconf 78' lang='lat' dir='ltr'><strong>maternos</strong></span> 
     </span>
     <span class='ocr_line' id='line_1_30' title="bbox 175 3089 958 3162; baseline -0.001 -17"><span class='ocrx_word' id='word_1_263' title='bbox 175 3093 288 3162; x_wconf 86' lang='lat' dir='ltr'><strong>possit</strong></span> <span class='ocrx_word' id='word_1_264' title='bbox 306 3092 523 3161; x_wconf 81' lang='lat' dir='ltr'><strong>dignoscere,</strong></span> <span class='ocrx_word' id='word_1_265' title='bbox 542 3107 627 3159; x_wconf 90' lang='lat' dir='ltr'><strong>quae</strong></span> <span class='ocrx_word' id='word_1_266' title='bbox 646 3106 820 3145; x_wconf 87' lang='lat' dir='ltr'><strong>mammam</strong></span> <span class='ocrx_word' id='word_1_267' title='bbox 839 3089 958 3144; x_wconf 88' lang='lat' dir='ltr'><strong>dabat’</strong></span> 
     </span>
    </p>
   </div>
   <div class='ocr_carea' id='block_1_6' title="bbox 175 3244 1290 3403">
    <p class='ocr_par' dir='ltr' id='par_1_12' title="bbox 175 3244 1290 3403">
     <span class='ocr_line' id='line_1_31' title="bbox 265 3244 1288 3320; baseline -0.004 -15"><span class='ocrx_word' id='word_1_268' title='bbox 265 3259 306 3306; x_wconf 87' lang='lat'><strong>13.</strong></span> <span class='ocrx_word' id='word_1_269' title='bbox 335 3254 500 3320; x_wconf 87' lang='lat' dir='ltr'><strong>argumento</strong></span> <span class='ocrx_word' id='word_1_270' title='bbox 528 3267 562 3305; x_wconf 70' lang='lat' dir='ltr'><strong>ccc</strong></span> <span class='ocrx_word' id='word_1_271' title='bbox 590 3249 799 3318; x_wconf 66' lang='lat' dir='ltr'><strong>argumentati</strong></span> <span class='ocrx_word' id='word_1_272' title='bbox 877 3248 1053 3318; x_wconf 82' lang='lat' dir='ltr'><strong>antelogium</strong></span> <span class='ocrx_word' id='word_1_273' title='bbox 1079 3251 1208 3307; x_wconf 78' lang='lat' dir='ltr'><strong>Muretus.</strong></span> <span class='ocrx_word' id='word_1_274' title='bbox 1237 3244 1288 3301; x_wconf 87' lang='lat' dir='ltr'><strong>auti·</strong></span> 
     </span>
     <span class='ocr_line' id='line_1_32' title="bbox 175 3324 1290 3403; baseline -0.004 -17"><span class='ocrx_word' id='word_1_275' title='bbox 175 3332 283 3403; x_wconf 88' lang='lat' dir='ltr'><strong>logium</strong></span> <span class='ocrx_word' id='word_1_276' title='bbox 302 3333 451 3387; x_wconf 79' lang='lat' dir='ltr'><strong>Ausoniae.</strong></span> <span class='ocrx_word' id='word_1_277' title='bbox 488 3332 554 3384; x_wconf 90' lang='lat' dir='ltr'><strong>ante</strong></span> <span class='ocrx_word' id='word_1_278' title='bbox 579 3329 722 3397; x_wconf 90' lang='lat' dir='ltr'><strong>elongium</strong></span> <span class='ocrx_word' id='word_1_279' title='bbox 739 3329 798 3384; x_wconf 88' lang='lat' dir='ltr'><strong>Ba.</strong></span> <span class='ocrx_word' id='word_1_280' title='bbox 836 3332 902 3384; x_wconf 89' lang='lat' dir='ltr'><strong>ante</strong></span> <span class='ocrx_word' id='word_1_281' title='bbox 926 3328 1053 3399; x_wconf 90' lang='lat' dir='ltr'><strong>elogium</strong></span> <span class='ocrx_word' id='word_1_282' title='bbox 1077 3331 1232 3400; x_wconf 68' lang='lat' dir='ltr'><strong>Beona,</strong></span> <span class='ocrx_word' id='word_1_283' title='bbox 1250 3324 1290 3381; x_wconf 77' lang='lat' dir='ltr'><strong>aiii</strong></span> 
     </span>
    </p>
   </div>
   <div class='ocr_carea' id='block_1_7' title="bbox 176 3418 1290 3528">
    <p class='ocr_par' dir='ltr' id='par_1_13' title="bbox 176 3418 1290 3528">
     <span class='ocr_line' id='line_1_33' title="bbox 176 3418 1290 3528; baseline -0.007 -14"><span class='ocrx_word' id='word_1_284' title='bbox 176 3461 248 3528; x_wconf 72' lang='lat' dir='ltr'><strong>quoa</strong></span> <span class='ocrx_word' id='word_1_285' title='bbox 267 3418 390 3526; x_wconf 59' lang='lat' dir='ltr'><strong>&amp;aaa</strong></span> <span class='ocrx_word' id='word_1_286' title='bbox 409 3456 465 3510; x_wconf 74' lang='lat' dir='ltr'><strong>nc.</strong></span> <span class='ocrx_word' id='word_1_287' title='bbox 503 3454 628 3524; x_wconf 82' lang='lat' dir='ltr'><strong>elogium</strong></span> <span class='ocrx_word' id='word_1_288' title='bbox 649 3453 676 3507; x_wconf 77' lang='lat' dir='ltr'><strong>a</strong></span> <span class='ocrx_word' id='word_1_289' title='bbox 763 3453 875 3509; x_wconf 71' lang='lat' dir='ltr'><strong>inuam</strong></span> <span class='ocrx_word' id='word_1_290' title='bbox 900 3455 965 3511; x_wconf 79' lang='lat' dir='ltr'><strong>acc.</strong></span> <span class='ocrx_word' id='word_1_291' title='bbox 989 3453 1021 3509; x_wconf 72' lang='lat' dir='ltr'><strong>a</strong></span> <span class='ocrx_word' id='word_1_292' title='bbox 1045 3472 1080 3511; x_wconf 71' lang='lat' dir='ltr'><strong>ea</strong></span> <span class='ocrx_word' id='word_1_293' title='bbox 1102 3456 1226 3512; x_wconf 65' lang='lat' dir='ltr'><strong>Aaou.</strong></span> <span class='ocrx_word' id='word_1_294' title='bbox 1254 3467 1290 3506; x_wconf 67' lang='lat' dir='ltr'><strong>a.</strong></span> 
     </span>
    </p>
   </div>
   <div class='ocr_carea' id='block_1_8' title="bbox 175 3526 1295 3954">
    <p class='ocr_par' dir='ltr' id='par_1_14' title="bbox 175 3526 1295 3954">
     <span class='ocr_line' id='line_1_34' title="bbox 176 3526 1291 3634; baseline -0.009 -13"><span class='ocrx_word' id='word_1_295' title='bbox 176 3567 242 3621; x_wconf 70' lang='lat' dir='ltr'><strong>tua</strong></span> <span class='ocrx_word' id='word_1_296' title='bbox 261 3563 298 3634; x_wconf 81' lang='grc'><strong>(*)</strong></span> <span class='ocrx_word' id='word_1_297' title='bbox 372 3571 413 3617; x_wconf 82' lang='lat'><strong>14.</strong></span> <span class='ocrx_word' id='word_1_298' title='bbox 433 3561 658 3616; x_wconf 69' lang='lat' dir='ltr'><strong>denemarca.-</strong></span> <span class='ocrx_word' id='word_1_299' title='bbox 677 3578 747 3617; x_wconf 74' lang='lat' dir='ltr'><strong>corr.</strong></span> <span class='ocrx_word' id='word_1_300' title='bbox 767 3562 815 3617; x_wconf 82' lang='lat' dir='ltr'><strong>aa</strong></span> <span class='ocrx_word' id='word_1_301' title='bbox 900 3567 940 3616; x_wconf 69' lang='grc' dir='ltr'><strong>ιε.</strong></span> <span class='ocrx_word' id='word_1_302' title='bbox 960 3526 1092 3617; x_wconf 72' lang='lat' dir='ltr'><strong>modic</strong></span> <span class='ocrx_word' id='word_1_303' title='bbox 1160 3559 1291 3631; x_wconf 63' lang='lat' dir='ltr'><strong>nauem-</strong></span> 
     </span>
     <span class='ocr_line' id='line_1_35' title="bbox 176 3637 1291 3715; baseline -0.008 -14"><span class='ocrx_word' id='word_1_304' title='bbox 176 3664 229 3715; x_wconf 90' lang='lat' dir='ltr'><strong>quc</strong></span> <span class='ocrx_word' id='word_1_305' title='bbox 249 3645 279 3699; x_wconf 87' lang='lat' dir='ltr'><em>F</em></span> <span class='ocrx_word' id='word_1_306' title='bbox 352 3643 486 3699; x_wconf 86' lang='lat' dir='ltr'><strong>crimodio</strong></span> <span class='ocrx_word' id='word_1_307' title='bbox 507 3643 530 3696; x_wconf 81' lang='lat' dir='ltr'><em>O</em></span> <span class='ocrx_word' id='word_1_308' title='bbox 551 3648 615 3696; x_wconf 80' lang='lat' dir='ltr'><strong>cate</strong></span> <span class='ocrx_word' id='word_1_309' title='bbox 633 3658 703 3696; x_wconf 80' lang='lat' dir='ltr'><strong>corr.</strong></span> <span class='ocrx_word' id='word_1_310' title='bbox 793 3647 834 3695; x_wconf 78' lang='lat'><strong>16.</strong></span> <span class='ocrx_word' id='word_1_311' title='bbox 853 3642 1199 3713; x_wconf 74' lang='lat' dir='ltr'><strong>arguintfiadebenignitai</strong></span> <span class='ocrx_word' id='word_1_312' title='bbox 1211 3641 1234 3709; x_wconf 85' lang='lat' dir='ltr'><strong>(d</strong></span> <span class='ocrx_word' id='word_1_313' title='bbox 1249 3637 1291 3693; x_wconf 85' lang='lat' dir='ltr'><strong>etl</strong></span> 
     </span>
     <span class='ocr_line' id='line_1_36' title="bbox 175 3716 1292 3792; baseline -0.011 -10"><span class='ocrx_word' id='word_1_314' title='bbox 175 3746 189 3782; x_wconf 90' lang='lat' dir='ltr'><strong>e</strong></span> <span class='ocrx_word' id='word_1_315' title='bbox 209 3744 279 3781; x_wconf 81' lang='lat' dir='ltr'><strong>corr.</strong></span> <span class='ocrx_word' id='word_1_316' title='bbox 299 3724 415 3789; x_wconf 80' lang='lat' dir='ltr'><strong>ataid.)</strong></span> <span class='ocrx_word' id='word_1_317' title='bbox 435 3721 511 3791; x_wconf 56' lang='lat' dir='ltr'><strong>OM)</strong></span> <span class='ocrx_word' id='word_1_318' title='bbox 586 3727 629 3776; x_wconf 76' lang='lat'><strong>1⁷.</strong></span> <span class='ocrx_word' id='word_1_319' title='bbox 648 3723 722 3776; x_wconf 75' lang='lat' dir='ltr'><strong>Ante</strong></span> <span class='ocrx_word' id='word_1_320' title='bbox 741 3721 855 3792; x_wconf 88' lang='lat' dir='ltr'><strong>quidam</strong></span> <span class='ocrx_word' id='word_1_321' title='bbox 874 3739 929 3777; x_wconf 85' lang='lat' dir='ltr'><strong>rus.</strong></span> <span class='ocrx_word' id='word_1_322' title='bbox 946 3726 966 3777; x_wconf 81' lang='lat'><strong><em>2</em></strong></span> <span class='ocrx_word' id='word_1_323' title='bbox 985 3723 1038 3777; x_wconf 83' lang='lat' dir='ltr'><strong>litt.</strong></span> <span class='ocrx_word' id='word_1_324' title='bbox 1057 3723 1085 3777; x_wconf 93' lang='lat' dir='ltr'><em>B</em></span> <span class='ocrx_word' id='word_1_325' title='bbox 1147 3719 1258 3777; x_wconf 78' lang='lat' dir='ltr'><strong>succutit</strong></span> <span class='ocrx_word' id='word_1_326' title='bbox 1268 3716 1292 3770; x_wconf 85' lang='lat' dir='ltr'><strong>B.</strong></span> 
     </span>
     <span class='ocr_line' id='line_1_37' title="bbox 178 3795 1294 3874; baseline -0.007 -15"><span class='ocrx_word' id='word_1_327' title='bbox 178 3805 311 3874; x_wconf 86' lang='lat' dir='ltr'><strong>syraculis</strong></span> <span class='ocrx_word' id='word_1_328' title='bbox 325 3804 426 3873; x_wconf 75' lang='lat' dir='ltr'><strong>religat</strong></span> <span class='ocrx_word' id='word_1_329' title='bbox 444 3804 548 3872; x_wconf 73' lang='lat' dir='ltr'><strong>(prim</strong></span> <span class='ocrx_word' id='word_1_330' title='bbox 567 3802 580 3853; x_wconf 87' lang='lat' dir='ltr'>s</span> <span class='ocrx_word' id='word_1_331' title='bbox 596 3819 629 3856; x_wconf 79' lang='lat' dir='ltr'><strong>ea</strong></span> <span class='ocrx_word' id='word_1_332' title='bbox 649 3821 666 3870; x_wconf 90' lang='lat' dir='ltr'>q</span> <span class='ocrx_word' id='word_1_333' title='bbox 685 3802 753 3869; x_wconf 87' lang='lat' dir='ltr'><strong>Da)</strong></span> <span class='ocrx_word' id='word_1_334' title='bbox 863 3806 904 3857; x_wconf 82' lang='lat'><strong>18.</strong></span> <span class='ocrx_word' id='word_1_335' title='bbox 924 3799 1003 3855; x_wconf 82' lang='lat' dir='ltr'><strong>ei&#39;O</strong></span> <span class='ocrx_word' id='word_1_336' title='bbox 1072 3802 1152 3856; x_wconf 91' lang='lat' dir='ltr'><strong>natei</strong></span> <span class='ocrx_word' id='word_1_337' title='bbox 1168 3803 1223 3856; x_wconf 87' lang='lat' dir='ltr'><strong>Bu.</strong></span> <span class='ocrx_word' id='word_1_338' title='bbox 1252 3795 1294 3851; x_wconf 80' lang='lat' dir='ltr'><strong>nali</strong></span> 
     </span>
     <span class='ocr_line' id='line_1_38' title="bbox 178 3875 1295 3954; baseline -0.008 -15"><span class='ocrx_word' id='word_1_339' title='bbox 178 3887 278 3954; x_wconf 78' lang='lat' dir='ltr'><strong>reliqui</strong></span> <span class='ocrx_word' id='word_1_340' title='bbox 296 3886 336 3950; x_wconf 87' lang='lat' dir='ltr'><strong>(B</strong></span> <span class='ocrx_word' id='word_1_341' title='bbox 355 3902 388 3939; x_wconf 81' lang='lat' dir='ltr'><strong>cx</strong></span> <span class='ocrx_word' id='word_1_342' title='bbox 406 3887 474 3949; x_wconf 80' lang='lat' dir='ltr'><strong>rus.)</strong></span> <span class='ocrx_word' id='word_1_343' title='bbox 596 3880 719 3951; x_wconf 89' lang='lat' dir='ltr'><strong>geminei</strong></span> <span class='ocrx_word' id='word_1_344' title='bbox 742 3880 797 3937; x_wconf 92' lang='lat' dir='ltr'><strong>duo</strong></span> <span class='ocrx_word' id='word_1_345' title='bbox 821 3881 880 3936; x_wconf 87' lang='lat' dir='ltr'><strong>Ba.</strong></span> <span class='ocrx_word' id='word_1_346' title='bbox 917 3880 1024 3951; x_wconf 82' lang='lat' dir='ltr'><strong>gemini</strong></span> <span class='ocrx_word' id='word_1_347' title='bbox 1047 3881 1103 3936; x_wconf 89' lang='lat' dir='ltr'><strong>dno</strong></span> <span class='ocrx_word' id='word_1_348' title='bbox 1122 3881 1151 3936; x_wconf 86' lang='lat' dir='ltr'><em>R</em></span> <span class='ocrx_word' id='word_1_349' title='bbox 1168 3899 1200 3937; x_wconf 75' lang='lat' dir='ltr'><strong>ec</strong></span> <span class='ocrx_word' id='word_1_350' title='bbox 1214 3896 1260 3934; x_wconf 77' lang='lat' dir='ltr'><strong>rua.</strong></span> <span class='ocrx_word' id='word_1_351' title='bbox 1274 3875 1295 3930; x_wconf 78' lang='lat'><strong>0.</strong></span> 
     </span>
    </p>
   </div>
   <div class='ocr_carea' id='block_1_9' title="bbox 179 3994 1306 4551">
    <p class='ocr_par' dir='ltr' id='par_1_15' title="bbox 179 3994 1306 4551">
     <span class='ocr_line' id='line_1_39' title="bbox 180 3994 1295 4069; baseline -0.002 -18"><span class='ocrx_word' id='word_1_352' title='bbox 180 3995 251 4054; x_wconf 87' lang='lat' dir='ltr'><strong>&#39;duo</strong></span> <span class='ocrx_word' id='word_1_353' title='bbox 270 3994 391 4069; x_wconf 82' lang='lat' dir='ltr'><strong>&#39;gemini</strong></span> <span class='ocrx_word' id='word_1_354' title='bbox 410 4000 447 4054; x_wconf 90' lang='lat' dir='ltr'><strong>D.</strong></span> <span class='ocrx_word' id='word_1_355' title='bbox 485 3999 540 4052; x_wconf 91' lang='lat' dir='ltr'><strong>duo</strong></span> <span class='ocrx_word' id='word_1_356' title='bbox 559 3996 665 4067; x_wconf 86' lang='lat' dir='ltr'><strong>gemini</strong></span> <span class='ocrx_word' id='word_1_357' title='bbox 684 3996 743 4050; x_wconf 71' lang='grc' dir='ltr'><strong>ΡΖ</strong></span> <span class='ocrx_word' id='word_1_358' title='bbox 824 4003 865 4052; x_wconf 78' lang='grc'><strong>19.</strong></span> <span class='ocrx_word' id='word_1_359' title='bbox 884 3997 979 4066; x_wconf 74' lang='lat' dir='ltr'><strong>puerei</strong></span> <span class='ocrx_word' id='word_1_360' title='bbox 999 3997 1051 4052; x_wconf 90' lang='lat' dir='ltr'><strong>Ba</strong></span> <span class='ocrx_word' id='word_1_361' title='bbox 1066 3996 1295 4066; x_wconf 71' lang='lat' dir='ltr'><strong>praecedentes?</strong></span> 
     </span>
     <span class='ocr_line' id='line_1_40' title="bbox 180 4074 1298 4148; baseline -0.008 -14"><span class='ocrx_word' id='word_1_362' title='bbox 180 4080 232 4134; x_wconf 82' lang='lat' dir='ltr'><strong>litt.</strong></span> <span class='ocrx_word' id='word_1_363' title='bbox 247 4096 356 4134; x_wconf 80' lang='lat' dir='ltr'><strong>rasura.</strong></span> <span class='ocrx_word' id='word_1_364' title='bbox 393 4079 474 4148; x_wconf 88' lang='lat' dir='ltr'><strong>pueri</strong></span> <span class='ocrx_word' id='word_1_365' title='bbox 487 4079 588 4148; x_wconf 79' lang='lat' dir='ltr'><strong>reliqui</strong></span> <span class='ocrx_word' id='word_1_366' title='bbox 659 4079 700 4131; x_wconf 87' lang='lat' dir='ltr'><strong>uti</strong></span> <span class='ocrx_word' id='word_1_367' title='bbox 718 4082 809 4133; x_wconf 86' lang='lat' dir='ltr'><strong>mater</strong></span> <span class='ocrx_word' id='word_1_368' title='bbox 827 4095 878 4133; x_wconf 89' lang='lat' dir='ltr'><strong>sua</strong></span> <span class='ocrx_word' id='word_1_369' title='bbox 897 4078 1081 4133; x_wconf 67' lang='lat' dir='ltr'><strong>damocritus.</strong></span> <span class='ocrx_word' id='word_1_370' title='bbox 1119 4079 1153 4132; x_wconf 90' lang='lat' dir='ltr'><strong>ut</strong></span> <span class='ocrx_word' id='word_1_371' title='bbox 1171 4082 1251 4132; x_wconf 84' lang='lat' dir='ltr'><strong>mater</strong></span> <span class='ocrx_word' id='word_1_372' title='bbox 1266 4074 1298 4126; x_wconf 86' lang='lat' dir='ltr'><strong>lua</strong></span> 
     </span>
     <span class='ocr_line' id='line_1_41' title="bbox 179 4155 1300 4229; baseline -0.009 -13"><span class='ocrx_word' id='word_1_373' title='bbox 179 4178 240 4217; x_wconf 82' lang='lat' dir='ltr'><strong>cum</strong></span> <span class='ocrx_word' id='word_1_374' title='bbox 259 4161 339 4216; x_wconf 84' lang='lat' dir='ltr'><strong>libris</strong></span> <span class='ocrx_word' id='word_1_375' title='bbox 357 4160 476 4215; x_wconf 77' lang='lat' dir='ltr'><strong>Nonius.</strong></span> <span class='ocrx_word' id='word_1_376' title='bbox 513 4161 543 4213; x_wconf 89' lang='lat' dir='ltr'><strong>et</strong></span> <span class='ocrx_word' id='word_1_377' title='bbox 561 4162 651 4213; x_wconf 89' lang='lat' dir='ltr'><strong>mater</strong></span> <span class='ocrx_word' id='word_1_378' title='bbox 670 4160 785 4213; x_wconf 71' lang='lat' dir='ltr'><strong>Societas</strong></span> <span class='ocrx_word' id='word_1_379' title='bbox 804 4158 841 4229; x_wconf 78' lang='lat'><strong>(*)</strong></span> <span class='ocrx_word' id='word_1_380' title='bbox 921 4163 965 4210; x_wconf 76' lang='lat'><strong>20.</strong></span> <span class='ocrx_word' id='word_1_381' title='bbox 985 4174 1042 4211; x_wconf 91' lang='lat' dir='ltr'><strong>uon</strong></span> <span class='ocrx_word' id='word_1_382' title='bbox 1062 4156 1149 4226; x_wconf 82' lang='lat' dir='ltr'><strong>pellit</strong></span> <span class='ocrx_word' id='word_1_383' title='bbox 1167 4155 1300 4228; x_wconf 74' lang='lat' dir='ltr'><strong>Mgnolccre</strong></span> 
     </span>
     <span class='ocr_line' id='line_1_42' title="bbox 180 4235 1302 4310; baseline -0.009 -14"><span class='ocrx_word' id='word_1_384' title='bbox 180 4243 296 4296; x_wconf 76' lang='lat' dir='ltr'><strong>Seruius</strong></span> <span class='ocrx_word' id='word_1_385' title='bbox 377 4257 582 4308; x_wconf 86' lang='lat' dir='ltr'><strong>que..amam</strong></span> <span class='ocrx_word' id='word_1_386' title='bbox 601 4257 622 4294; x_wconf 88' lang='lat' dir='ltr'><strong>c.</strong></span> <span class='ocrx_word' id='word_1_387' title='bbox 641 4256 697 4292; x_wconf 84' lang='lat' dir='ltr'><strong>ras.</strong></span> <span class='ocrx_word' id='word_1_388' title='bbox 718 4238 781 4292; x_wconf 88' lang='lat' dir='ltr'><strong>Bc:</strong></span> <span class='ocrx_word' id='word_1_389' title='bbox 800 4240 1013 4310; x_wconf 70' lang='lat' dir='ltr'><strong>quemstmam</strong></span> <span class='ocrx_word' id='word_1_390' title='bbox 1031 4235 1082 4290; x_wconf 82' lang='lat' dir='ltr'><strong>Bb</strong></span> <span class='ocrx_word' id='word_1_391' title='bbox 1167 4244 1207 4293; x_wconf 80' lang='lat'><strong>21.</strong></span> <span class='ocrx_word' id='word_1_392' title='bbox 1224 4237 1302 4304; x_wconf 84' lang='lat' dir='ltr'><strong>Neque</strong></span> 
     </span>
     <span class='ocr_line' id='line_1_43' title="bbox 182 4316 1303 4389; baseline -0.007 -13"><span class='ocrx_word' id='word_1_393' title='bbox 182 4320 487 4376; x_wconf 78' lang='lat' dir='ltr'><strong>Ba:corr.m.0amcr.</strong></span> <span class='ocrx_word' id='word_1_394' title='bbox 552 4320 612 4388; x_wconf 84' lang='lat' dir='ltr'><strong>ipsa</strong></span> <span class='ocrx_word' id='word_1_395' title='bbox 629 4335 682 4387; x_wconf 88' lang='lat' dir='ltr'><strong>que</strong></span> <span class='ocrx_word' id='word_1_396' title='bbox 701 4319 751 4373; x_wconf 89' lang='lat' dir='ltr'><strong>Bu</strong></span> <span class='ocrx_word' id='word_1_397' title='bbox 771 4322 836 4389; x_wconf 72' lang='lat' dir='ltr'><strong>(que</strong></span> <span class='ocrx_word' id='word_1_398' title='bbox 855 4316 924 4385; x_wconf 85' lang='lat' dir='ltr'><strong>Bb).</strong></span> <span class='ocrx_word' id='word_1_399' title='bbox 960 4316 1075 4385; x_wconf 85' lang='lat' dir='ltr'><strong>ipsaque</strong></span> <span class='ocrx_word' id='word_1_400' title='bbox 1095 4317 1155 4371; x_wconf 84' lang='lat' dir='ltr'><strong>OD</strong></span> <span class='ocrx_word' id='word_1_401' title='bbox 1210 4330 1303 4386; x_wconf 82' lang='lat' dir='ltr'><strong>peperc-</strong></span> 
     </span>
     <span class='ocr_line' id='line_1_44' title="bbox 182 4393 1306 4468; baseline -0.004 -16"><span class='ocrx_word' id='word_1_402' title='bbox 182 4407 227 4453; x_wconf 84' lang='lat' dir='ltr'><strong>rat</strong></span> <span class='ocrx_word' id='word_1_403' title='bbox 245 4402 341 4466; x_wconf 87' lang='lat' dir='ltr'><strong>BDc,</strong></span> <span class='ocrx_word' id='word_1_404' title='bbox 360 4399 479 4454; x_wconf 82' lang='lat' dir='ltr'><strong>Nonius.</strong></span> <span class='ocrx_word' id='word_1_405' title='bbox 516 4403 634 4468; x_wconf 88' lang='lat' dir='ltr'><strong>peperat</strong></span> <span class='ocrx_word' id='word_1_406' title='bbox 653 4397 797 4452; x_wconf 81' lang='lat' dir='ltr'><strong>ODaFZ</strong></span> <span class='ocrx_word' id='word_1_407' title='bbox 813 4402 895 4464; x_wconf 82' lang='lat' dir='ltr'><strong>(corr.</strong></span> <span class='ocrx_word' id='word_1_408' title='bbox 914 4396 1081 4465; x_wconf 63' lang='lat' dir='ltr'><strong>Beroaldus)</strong></span> <span class='ocrx_word' id='word_1_409' title='bbox 1194 4401 1234 4452; x_wconf 79' lang='lat'><strong>22.</strong></span> <span class='ocrx_word' id='word_1_410' title='bbox 1251 4393 1306 4450; x_wconf 80' lang='lat' dir='ltr'><strong>dixit</strong></span> 
     </span>
     <span class='ocr_line' id='line_1_45' title="bbox 181 4479 649 4551; baseline 0.004 -19"><span class='ocrx_word' id='word_1_411' title='bbox 181 4481 250 4533; x_wconf 90' lang='lat' dir='ltr'><strong>mihi</strong></span> <span class='ocrx_word' id='word_1_412' title='bbox 268 4481 303 4533; x_wconf 87' lang='grc' dir='ltr'><strong>Β.</strong></span> <span class='ocrx_word' id='word_1_413' title='bbox 341 4479 410 4533; x_wconf 91' lang='lat' dir='ltr'><strong>mihi</strong></span> <span class='ocrx_word' id='word_1_414' title='bbox 427 4479 437 4551; x_wconf 74' lang='lat' dir='ltr'><strong>ll</strong></span> <span class='ocrx_word' id='word_1_415' title='bbox 454 4479 533 4534; x_wconf 83' lang='lat' dir='ltr'><strong>Dixit</strong></span> <span class='ocrx_word' id='word_1_416' title='bbox 550 4480 649 4550; x_wconf 76' lang='lat' dir='ltr'><strong>reliqui</strong></span> 
     </span>
    </p>
   </div>
   <div class='ocr_carea' id='block_1_10' title="bbox 0 0 1503 5678">
    <p class='ocr_par' dir='ltr' id='par_1_16' title="bbox 0 0 1503 5678">
     <span class='ocr_line' id='line_1_46' title="bbox 0 0 1503 5678; baseline 0 0"><span class='ocrx_word' id='word_1_417' title='bbox 0 0 1503 5678; x_wconf 95' lang='lat' dir='ltr'><strong> </strong></span> 
     </span>
    </p>
   </div>
  </div>
 </body>
</html>
