2956 5678
165 341 216 396 xn
632 341 838 398 PRAEFATIO

164 507 257 571 cavit.
311 505 455 570 Eundem
489 529 557 572 esse
590 529 657 571 rem
690 528 719 569 v.
747 505 813 570 433
844 527 906 571 nec
937 504 1128 570 dissimilem
1155 526 1186 568 v.
1213 501 1309 587 459¹)

164 613 336 677 eorundem
365 614 512 679 codicum
536 613 602 680 Ε]
622 601 808 677 testimonio
837 613 1075 696 comprobetur.
1121 610 1194 678 Nec
1220 611 1310 676 aliter

164 720 267 785 sentio
292 720 330 783 de
353 742 381 784 r.
402 721 476 803 207,
499 720 576 802 404,
597 720 674 802 461,
696 719 843 802 quamvis
866 719 984 803 reliqui
1005 718 1083 783 libri
1105 718 1241 783 eundem
1261 716 1309 783 rel

164 849 265 912 paene
284 829 417 893 eandem
437 827 679 911 discriptionem
699 826 879 891 exhibeant.
917 824 1037 890 Contra
1054 848 1084 890 v,
1103 824 1172 891 540
1184 824 1309 890 Veteris

164 934 329 1018 discriptio
357 935 472 999 mirum
504 938 553 999 est
579 935 612 999 ui
641 955 715 999 cum
743 930 956 998 Ambrosiano
984 932 1094 999 nescio
1123 955 1189 1017 quo
1216 932 1307 997 modo

163 1041 378 1106 contineatur:
401 1063 475 1104 uam
500 1042 527 1105 si
551 1042 710 1124 statueris,
732 1040 900 1104 librarium
919 1038 1047 1105 Veteris
1070 1040 1162 1104 illum
1181 1040 1308 1122 discrip-

163 1148 284 1212 tionem
315 1152 388 1213 snte
418 1149 528 1213 oculos
557 1149 721 1232 habuisse,
750 1147 845 1212 facile
875 1147 1051 1230 explicabis
1080 1146 1244 1231 quomodo
1272 1145 1307 1210 de

163 1255 278 1319 lacuna
303 1255 388 1319 inter
414 1255 506 1320 ‘east'
535 1259 567 1320 et
594 1254 716 1339 ‘quem'
745 1255 886 1340 cogitare
912 1253 1063 1338 potuerit.
1109 1252 1306 1337 Quemquam

162 1383 196 1425 re
223 1383 298 1425 vers
325 1365 381 1425 eut
408 1361 490 1426 nihil
521 1366 576 1426 eut
603 1383 704 1445 paene
731 1362 814 1426 nihil
841 1362 938 1425 deest.
982 1359 1147 1426 Lacunam
1176 1360 1307 1445 denique

163 1490 244 1552 qnae
267 1491 296 1532 v.
319 1467 382 1533 547
412 1474 461 1533 est
488 1469 528 1533 sd
551 1490 662 1534 versus
691 1469 820 1533 initium
843 1468 1026 1551 discrepans
1054 1470 1201 1552 spectare
1222 1470 1307 1550 puts

163 1575 273 1638 verim.
318 1573 408 1639 Haec
435 1597 517 1659 quse
545 1575 612 1640 dixi
641 1576 668 1640 si
697 1575 769 1659 quis
797 1596 905 1639 secum
932 1573 1144 1658 reputaverit,
1171 1573 1250 1658 quin
1270 1594 1306 1637 ue

163 1682 307 1747 versibus
339 1681 468 1765 quidem
504 1682 566 1746 186
577 1704 624 1766 sq.
654 1705 671 1747 e
703 1682 850 1748 codicum
882 1681 1027 1767 vestigiis
1054 1681 1190 1746 lacunae
1216 1702 1306 1764 quum

163 1788 361 1874 signavimus
391 1789 622 1854 adminiculum
653 1790 801 1853 accedere
831 1789 970 1852 fatestur
997 1788 1053 1851 vix
1083 1788 1207 1872 poterit
1234 1787 1307 1868 fieri,

162 1895 350 1979 praesertim
379 1917 452 1961 curn
475 1896 579 1962 ΕΠ
602 1896 699 1960 verbu
727 1895 845 1981 ‘ipsum
870 1945 876 1958 .
901 1945 908 1958 .
932 1945 939 1958 .
962 1945 969 1959 .
994 1894 1124 1960 uetulos
1147 1894 1225 1960 duo'
1246 1915 1306 1958 uuo

162 2001 434 2085 comprehendent
456 2024 566 2084 versu,
589 2003 620 2066 id
645 2001 731 2085 quod
754 2024 826 2067 sero
849 2000 978 2065 demum
1000 2000 1075 2066 vidi.
1122 1999 1218 2078 Quod
1238 2022 1307 2065 cum

163 2108 208 2172 itu
231 2109 282 2193 sit,
304 2109 394 2173 locus
417 2110 526 2175 nescio
550 2132 592 2174 un
613 2109 661 2175 sic
684 2109 792 2194 potius
816 2108 1058 2173 constituendus
1081 2108 1196 2173 fuerit:

207 2257 270 2324 Sed
293 2281 402 2325 eccum
427 2258 534 2344 ipsum
558 2264 632 2325 ente
655 2259 743 2325 sedis
766 2261 935 2345 conspicor
952 2259 1006 2343 <et
1024 2265 1089 2324 une
1111 2281 1186 2324 cum
1210 2260 1268 2343 eo)

886 2364 1093 2451 Apoecidem,

482 2472 593 2551 Qualis
617 2476 692 2539 uolo
716 2475 844 2539 1111161
867 2476 939 2539 (111.

206 2578 275 2644 lem
304 2602 363 2666 ego
392 2579 444 2645 111
472 2585 660 2646 conuertem
687 2583 722 2645 in
751 2580 934 2645 hirudinem
959 2585 1056 2665 atque
1079 2602 1194 2645 eorum
1216 2580 1268 2646 ex-

884 2687 1006 2773 sugebo
1030 2687 1223 2773 siuguinem

482 2791 591 2859 Seniti
615 2795 670 2879 qui
694 2791 843 2860 columen
866 2794 982 2858 cluent.

161 2944 248 3009 Num
272 2946 369 3009 etiam
393 2969 421 3010 v.
447 2947 525 3028 100,
553 2946 592 3010 de
620 2946 711 3012 cuius
734 2947 850 3012 lacuna
871 2967 910 3010 ex
933 2943 966 3009 A
988 2948 1127 3028 constet,
1155 2946 1221 3011 huc
1243 2967 1311 3031 per-

161 3050 275 3135 tmesi,
303 3053 419 3116 merito
448 3052 587 3117 dubitari
615 3052 743 3137 poterit.
789 3052 837 3116 De
865 3052 997 3136 reliquis
1026 3052 1141 3137 spatiis
1170 3074 1238 3117 uon
1263 3057 1312 3117 est

162 3178 219 3222 cur
241 3157 451 3243 ambigemus.

251 3262 357 3328 Codex
384 3263 664 3334 Ambrosianus
696 3263 717 3328 J
742 3263 804 3329 257
837 3265 927 3329 infer.
956 3262 1015 3352 (E)
1047 3265 1312 3331 membmnsceus

161 3370 265 3435 forma
297 3373 500 3455 quaternaria
531 3373 668 3454 minore,
700 3372 739 3435 de
771 3372 862 3436 cuius
892 3372 1083 3436 auctoritate
1108 3370 1252 3437 LOEWE
1281 3376 1313 3437 et

162 3500 221 3563 ego
241 3477 323 3542 Mus.
341 3477 443 3542 Rhen.
464 3500 491 3543 a.
513 3478 597 3542 1879
621 3501 651 3563 p.
671 3478 714 3543 53
725 3499 793 3561 sqq.
817 3479 966 3561 diximus,
989 3478 1172 3543 duodecimi
1191 3480 1312 3546 saeculi

161 3582 240 3671 (non
270 3584 358 3667 tertii
388 3584 504 3649 decimi
532 3590 569 3649 ut
598 3585 693 3649 nobis
723 3583 800 3649 olim
828 3581 1020 3670 videbatur),
1048 3583 1139 3649 foliis
1162 3585 1208 3649 94
1239 3592 1312 3652 octo

159 3692 282 3774 priores
300 3690 426 3755 fabulas
445 3690 584 3755 exhibet.
615 3690 683 3756 Fol.
695 3691 826 3756 34-39
842 3689 964 3775 (Aulul.
974 3689 1005 3755 H
1015 3691 1045 3773 2,
1057 3690 1203 3756 14-IV
1215 3693 1245 3775 1,
1257 3691 1312 3779 19)

161 3800 288 3862 saeculo
311 3796 375 3861 XV
403 3798 551 3882 supplete
579 3802 667 3862 suut:
694 3798 805 3863 eodem
834 3803 978 3882 tempore
1001 3796 1148 3863 Volcacii
1172 3796 1312 3886 Sedigiti

160 3904 310 3968 versiculi
342 3904 504 3968 notissimi
534 3906 567 3969 in
598 3906 661 3969 fine
693 3905 801 3969 additi
854 3902 1000 3968 Correxit
1033 3903 1179 3971 codicem
1212 3906 1313 3971 homo

161 4030 233 4072 cum
261 4010 393 4075 librario
421 4012 578 4095 aequalis,
608 4011 724 4096 quibus
755 4010 1007 4076 correctionibus
1034 4031 1108 4075 cum
1135 4034 1179 4076 m.
1206 4014 1223 4077 1
1256 4036 1314 4098 per

161 4119 210 4178 est
239 4117 425 4182 auctoritas:
453 4139 534 4202 quae
563 4121 674 4184 contra
702 4139 782 4183 suec.
805 4115 867 4183 XV
890 4139 929 4181 ex
951 4116 1085 4203 vulgato
1102 4122 1201 4183 textu
1226 4142 1269 4185 m.
1292 4121 1313 4186 3

251 4313 275 4377 1)
295 4310 320 4362 A
340 4311 432 4364 ‘mihi’
452 4310 481 4363 in
501 4311 524 4363 B
542 4328 628 4363 novus
647 4326 742 4364 versus
760 4310 917 4377 incohatur,
935 4311 968 4363 ut
986 4326 1020 4364 ex
1039 4310 1248 4368 Sr'vnnmem
1267 4314 1313 4369 de·

160 4408 237 4444 mum
256 4391 418 4459 apographo
437 4390 504 4458 vidi,
524 4406 587 4443 cum
605 4390 634 4444 in
650 4392 706 4447 Ε]
720 4390 805 4445 verba
825 4390 906 4445 ‘mihi
926 4434 932 4445 .
953 4434 958 4444 .
980 4433 985 4446 .
1004 4389 1138 4447 militem’
1159 4395 1314 4464 superiori-

159 4470 211 4525 bus
230 4470 435 4525 continuentur.
