2956 5678
672 337 805 391 Fulvus
1066 337 1093 392 11
1114 345 1137 403 1,
1156 343 1242 392 s-11
1263 338 1314 411 [A]

622 476 837 567 ιΡΕΒΙΡΗΑΝΕΒ

253 606 414 674 Reuereor
437 607 552 674 filium.

644 705 825 764 Anoncmne

596 803 641 871 At
663 808 719 891 pol
743 828 802 892 ego
825 812 858 872 te
882 805 1001 872 credidi

254 916 386 979 uxorem
411 936 507 999 quam
530 918 566 978 tu
590 912 737 980 extulisti
758 916 879 999 pudore
903 913 1048 999 exsequi:

256 1021 379 1098 Quoius
403 1021 550 1104 quotiens
574 1023 756 1106 sepulcrum
781 1023 880 1106 uides,
903 1022 1075 1088 sicruficss
1264 1038 1313 1087 175

256 1112 337 1194 ilico
361 1126 445 1194 Orco
469 1129 585 1194 hostiis
608 1129 713 1214 ne'que
736 1129 816 1194 edeo
840 1130 966 1213 inicis,

169 1233 250 1312 Quis
273 1235 432 1301 licitumst
444 1228 525 1300 'eam
549 1235 611 1300 issii
634 1236 773 1301 uiuendo
797 1235 936 1303 uincere.

640 1401 837 1461 Puuuununs

979 1485 1040 1566 Oh,

255 1592 411 1658 Hercules
435 1593 495 1680 ego
519 1595 575 1679 fui,
599 1594 676 1658 dum
700 1593 757 1658 illa
780 1598 907 1659 mecum
928 1594 1004 1659 fuit:

165 1699 279 1783 Neque
293 1699 383 1765 sexte
397 1723 549 1766 aerumna
563 1700 707 1767 uce'rbior
720 1700 855 1766 Herculi
869 1723 966 1785 quam
981 1702 1038 1767 illc
1051 1701 1132 1766 mihi
1149 1700 1316 1768 obiectast

648 1867 829 1926 Aponomss

165 1967 283 2034 Pulcra
305 1967 418 2052 e'depol
442 1968 499 2033 dos
523 1969 698 2053 pecunisst.

639 2126 836 2193 Psennsuns

703 2234 920 2321 Quaequidem
933 2237 990 2320 pol
1002 2257 1069 2300 non
1084 2235 1242 2302 maritsst.
1267 2254 1319 2304 180

256 2435 315 2483 177.
335 2430 446 2485 Servius
459 2430 536 2484 Duo.
551 2431 582 2484 in
597 2431 666 2485 Aen.
682 2429 733 2483 XI
743 2435 812 2485 160:
829 2432 938 2484 ueteres
958 2473 963 2483 .
984 2473 989 2482 .
1011 2473 1016 2484 .
1038 2429 1174 2485 ‘uiuendo
1188 2430 1316 2487 uincere’

166 2508 300 2564 dicebant
317 2510 496 2579 superuiuere
513 2555 518 2565 .
535 2554 540 2564 .
558 2555 562 2564 .
578 2510 695 2564 Plautus
714 2509 742 2563 in
758 2510 889 2580 Epidico:
911 2509 1013 2576 ‘Quis
1031 2510 1098 2565 tibi
1117 2510 1226 2567 licuit
1244 2529 1316 2567 eum

164 2590 314 2644 uiuendo
337 2591 493 2644 uincere'
586 2596 645 2644 180.
671 2592 827 2663 Porphyris
850 2590 888 2645 ud
910 2608 991 2646 com.
1011 2608 1079 2647 socc.
1097 2596 1150 2648 20.-
1181 2592 1317 2649 Mantum

164 2672 259 2725 autem
282 2670 374 2741 legem
396 2689 447 2739 pro
469 2670 595 2725 maritali
613 2670 745 2725 Plsutins
763 2670 876 2725 uidetur
894 2671 1062 2725 auctoritate
1081 2671 1195 2728 dixisse.
1236 2674 1317 2729 Simi-

164 2749 231 2805 liter
254 2751 328 2805 enim
351 2750 400 2806 ille
424 2750 533 2805 locutus
557 2753 612 2817 est,
636 2751 686 2805 ubi
709 2751 750 2805 sit
774 2767 869 2805 senex:
905 2750 1067 2805 ‘Pulchre
1087 2795 1092 2805 .
1114 2795 1119 2805 .
1141 2794 1147 2806 .
1166 2755 1315 2822 pecunie

164 2833 231 2885 est'
256 2834 285 2885 et
308 2831 381 2885 ulter
398 2832 561 2901 respondet:
591 2832 698 2897 ‘Quae
722 2831 859 2899 quidem
881 2847 947 2884 non
969 2831 1093 2886 morito
1117 2834 1186 2887 est’
1211 2851 1264 2904 pto
1282 2851 1315 2890 eo

164 2911 239 2979 quod
259 2913 313 2965 est:
333 2928 405 2978 quse
423 2929 480 2966 non
497 2912 636 2967 maritalis
655 2914 704 2965 est.

255 3090 283 3143 V.
301 3095 448 3145 173—180.
468 3093 509 3146 ito
526 3092 671 3160 dispositos
688 3091 793 3145 existet
806 3092 848 3145 A:
866 3092 897 3143 is
912 3090 1035 3146 BEVJ
1048 3091 1114 3146 hoec
1132 3092 1220 3148 initio
1237 3101 1315 3150 sum:

162 3168 201 3221 At
210 3168 266 3238 pol,
278 3169 370 3238 Cuius,
380 3171 479 3240 Neque
493 3171 573 3238 odeo,
588 3170 631 3225 Oh
641 3171 776 3237 hercules,
787 3169 930 3236 Acerbior,
939 3169 1048 3240 Edepol
1099 3171 1174 3226 173!
1183 3174 1234 3229 Ita
1243 3176 1269 3230 A

163 3248 303 3304 Reuereor
313 3253 350 3317 B,
363 3253 409 3306 sed
422 3268 485 3305 reor
498 3253 529 3306 io
544 3268 597 3307 roo.
609 3256 627 3306 9
641 3253 691 3307 litt.
701 3251 749 3304 13².
769 3251 909 3305 Reuereor
922 3268 956 3305 cc
965 3251 1140 3306 ReuertorE
1190 3252 1236 3307 Ad
1244 3255 1275 3309 E
1278 3255 1318 3307 ¹V

164 3336 243 3397 (coss.
258 3330 312 3398 Es)
379 3336 437 3384 174.
460 3339 503 3386 [ια
522 3334 557 3398 A,
576 3333 633 3387 sisi
651 3331 723 3401 quod
741 3345 865 3399 Qulnuu
926 3330 1059 3400 expulisti
1078 3331 1110 3386 F
1169 3334 1314 3405 ensfssequi

163 3415 188 3476 (s
207 3428 221 3464 e
239 3427 307 3465 corr.
327 3428 360 3465 m.
380 3416 399 3466 2
418 3429 487 3480 quoe
509 3414 587 3483 siquo
611 3413 706 3467 addito
729 3429 763 3466 ex
786 3429 847 3466 curn
870 3411 949 3479 sequi
969 3412 1126 3480 coniunxit)
1145 3415 1182 3468 Β.
1212 3416 1313 3484 exequi

162 3490 313 3544 ΕΗΓΖ
371 3492 444 3545 175!
462 3493 509 3546 lta
528 3493 564 3558 A,
583 3493 639 3546 cisi
657 3492 729 3561 quod
745 3505 832 3547 cums
850 3498 874 3546 et
893 3503 1066 3546 secunucns
1126 3491 1214 3548 euius
1232 3496 1314 3551 ctiam

162 3571 225 3624 BE
236 3572 285 3625 VJ
287 3571 314 3624 Z
360 3572 493 3640 quociens
507 3574 535 3627 B
585 3572 763 3641 sepulohtum
778 3573 843 3626 libri
852 3574 999 3640 praeterii
1048 3571 1192 3628 sacrifices
1202 3574 1265 3630 ΕΖ

163 3656 221 3704 176.
242 3651 289 3705 lio
308 3652 343 3716 A,
362 3652 419 3705 occi
437 3653 509 3719 quod
526 3666 722 3707 nonooosuns
782 3652 849 3705 ilico
868 3651 934 3705 ilico
953 3654 979 3705 Z
1035 3652 1120 3706 horco
1139 3655 1198 3709 JZ.
1228 3655 1313 3710 orcho

161 3749 194 3786 ex
213 3749 277 3785 orco
297 3731 339 3784 Ε3
424 3731 524 3786 hostiis
547 3749 580 3786 ecc
603 3733 710 3786 hostius
729 3734 765 3787 E.
794 3732 900 3787 hostias
919 3733 946 3786 Z
1025 3733 1101 3784 177.ι
1124 3734 1173 3788 Ito
1193 3737 1235 3802 A,
1257 3737 1315 3791 sisi

161 3813 233 3879 quod
251 3814 805 3883 Qn1sn1c1nunnsnnsu(t)1n1u1<ue)uno
875 3813 942 3881 quia
964 3811 1075 3866 licitum
1098 3814 1143 3867 est
1161 3814 1317 3870 EVJFZ

162 3891 230 3956 (esici
255 3894 327 3958 quood
353 3894 395 3946 est
418 3892 449 3945 in
472 3892 495 3945 J
512 3909 563 3961 pro
587 3896 620 3947 es]
643 3911 676 3947 m.
696 3911 746 3948 rec.
768 3911 788 3948 s.
810 3897 873 3961 scr.)
973 3893 1040 3961 quie
1064 3892 1117 3946 tibi
1140 3893 1227 3951 licuit
1249 3913 1314 3951 eum

161 3970 272 4023 Servius
368 3972 434 4025 oZ.
472 3971 514 4025 Ho
535 3974 565 4026 F
662 3979 720 4027 178.
744 3975 792 4029 Ita
810 3976 851 4040 A,
873 3973 930 4027 nisi
952 3974 1024 4042 quod
1043 3973 1218 4043 (heincumes

163 4050 238 4100 lle*
258 4050 304 4102 Ito
323 4054 349 4105 A
431 4068 547 4123 erumna
566 4055 600 4107 B.
630 4071 764 4123 crumpnu
783 4056 819 4107 E.
849 4057 897 4108 eni
915 4069 953 4106 nu
972 4054 1002 4107 V.
1032 4071 1148 4108 erumna
1168 4056 1227 4112 JF

162 4128 325 4185 AcerborJ
384 4131 544 4187 heriouliJ
599 4133 709 4187 obiectu
728 4138 770 4188 est
790 4136 872 4190 VJF
931 4133 1075 4189 180.*1ca
1094 4136 1136 4201 A,
1157 4137 1220 4192 nisi
1241 4139 1314 4207 quod

160 4223 299 4263 Puncnns
319 4218 343 4265 ec
360 4214 419 4266 sisse
433 4229 504 4281 pers.
524 4220 592 4281 spui.
652 4214 774 4268 Pulchre
791 4215 936 4270 EVJFZ
951 4232 1011 4268 cusu
1031 4216 1133 4284 Porpls.
1191 4218 1313 4286 pecnnia

161 4291 272 4344 cstdF
287 4309 347 4346 cusu
367 4293 467 4361 Porph.
524 4291 601 4357 Quae
621 4292 690 4365 (Quq
709 4295 768 4349 BJ.
799 4295 857 4359 Que
878 4295 918 4364 F)
938 4294 1052 4364 quidem
1072 4296 1137 4349 libri
1193 4296 1242 4365 pol
1261 4315 1312 4352 osu.

160 4372 315 4440 Porphyrio
367 4374 469 4426 morito
479 4374 522 4427 est
532 4374 642 4442 Porph,
654 4375 686 4428 G.
695 4376 775 4429 Vallo
786 4377 833 4442 (cf.
840 4378 887 4442 A).
908 4375 1041 4429 mentata
1056 4378 1082 4429 st
1093 4378 1128 4430 B.
1147 4377 1314 4431 maritatsst

161 4453 225 4517 (sed.
244 4469 304 4521 sup.
324 4461 425 4522 opust.
445 4455 509 4509 add.
529 4458 556 4522 e)
573 4456 609 4509 E.
637 4456 771 4510 maritata
789 4458 832 4510 est
847 4455 958 4511 VJFZ
974 4457 1095 4526 (—t-oest
1117 4456 1145 4509 V.
1167 4459 1263 4511 —tasi
1279 4459 1313 4522 Z)
