2956 5678
62 290 68 301 '
160 314 179 376 8
663 312 798 368 resurr

613 477 851 542 Pueuueouvs

161 581 392 649 Bellissumum
415 584 522 648 hercle
547 584 613 648 vidi
636 590 669 648 et
691 582 1005 649 taciturnissumum:

160 691 346 776 Numquam
370 691 471 755 iillum
495 692 627 756 verbum
652 692 760 755 metit:
785 712 881 775 quom
905 691 1059 774 aperitur,
1081 693 1178 773 lueet,

161 797 328 883 Quomque
351 798 414 863 ille
436 802 534 862 noctu
559 799 740 873 clericulum
764 797 804 861 ad
827 818 879 861 me
901 795 977 882 exit,
998 800 1094 861 tacet.

633 923 834 987 Peuruvuvs

160 1029 325 1115 Numquid
348 1034 384 1094 lu
408 1030 494 1114 quod
517 1034 549 1094 te
572 1033 628 1095 eui
651 1033 766 1115 ge'nere
790 1028 958 1114 indignum
982 1028 1026 1095 sit
1047 1034 1106 1096 tuo

161 1137 255 1202 Facis
280 1142 336 1202 edi
358 1138 503 1222 inceptas
527 1138 653 1202 fucinus
676 1138 790 1216 fecere,
812 1135 1047 1221 Phaedrome?

163 1246 250 1311 Num
274 1250 309 1309 tri
332 1245 466 1329 pudicae
490 1243 654 1329 quoipiam
677 1224 924 1308 insidiiis'loeas

164 1352 232 1417 Aul
254 1355 350 1437 queim
374 1352 521 1435 pudicum
545 1354 675 1434 opertet
698 1350 792 1415 esse?

614 1475 856 1542 Pusuuuouvs

827 1581 967 1667 Nemini,

164 1671 232 1737 Nec
255 1673 306 1736 me
328 1671 384 1736 ille
408 1672 480 1736 sirii
503 1671 656 1755 Iuppiter.

636 1778 838 1843 Psuruvuvs

691 1883 765 1969 Ego
788 1885 866 1950 iic‘m
891 1886 981 1951 volo:

163 1991 216 2055 Ile
239 1994 327 2055 bu6m
353 1990 497 2055 conferto
522 1992 631 2055 amere
655 2013 790 2076 semper,
814 1990 845 2056 si
866 1992 964 2076 sapis,

164 2098 214 2163 Ne
236 2098 270 2161 id
293 2097 378 2181 qued
402 2118 500 2180 ames,
524 2097 662 2181 populus
686 2096 718 2161 si
737 2099 830 2182 sciet,
850 2098 912 2163 libi
936 2097 981 2162 su
1003 2098 1134 2182 probro.

166 2205 300 2288 Semper
322 2208 435 2268 curete
459 2204 500 2266 ne
524 2203 568 2268 sis
592 2204 799 2269 iulesldbilis.

617 2328 859 2396 Pusuueouvs

167 2438 252 2516 Quid
274 2437 359 2503 istrie
382 2440 433 2501 est
455 2435 570 2500 verbi?

638 2543 841 2607 Puurrvuvs

606 2647 706 2713 Caute
730 2653 767 2714 ut
790 2649 922 2715 incedis
944 2651 1014 2715 vie:

167 2758 259 2836 Quod
283 2759 374 2822 emis
398 2759 506 2821 emate
530 2755 669 2821 testibus
692 2757 927 2839 praesentibus.

238 2941 281 2990 20.
304 2930 488 2987 bellissimum
514 2931 580 2985 libri
651 2930 745 2985 hercle
765 2930 852 2996 (ercle
870 2933 902 2985 iu
920 2937 988 2998 rae.)
1005 2932 1033 2985 B
1106 2930 1171 2985 uide
1189 2930 1219 2984 J.

168 3012 415 3072 iaeiiumissimum
443 3011 510 3065 libri
594 3016 636 3065 21.
664 3027 816 3079 numquam
843 3015 873 3073 (e
900 3029 933 3065 cx
957 3020 1039 3079 corr.)
1061 3012 1089 3065 B
1181 3028 1219 3064 mr

170 3098 248 3149 Pius.
290 3090 379 3145 mittit
400 3089 535 3144 BEFZ.
579 3090 677 3144 muttit
703 3090 757 3155 B‘,
782 3092 982 3147 Tuubmuuuus
1072 3109 1136 3146 cum
1161 3092 1219 3145 libr.

168 3182 210 3231 22.
228 3187 367 3243 quomque
384 3171 511 3240 Pylades.
540 3186 602 3223 eum
617 3169 690 3223 libri.
719 3170 830 3238 quaudo
845 3172 974 3243 Greyetsce.
1005 3191 1043 3227 au
1057 3185 1152 3226 uersus
1162 3188 1219 3240 par

167 3258 212 3311 bie
229 3254 287 3309 cel?
360 3256 401 3304 23.
420 3248 588 3316 nunquidd
656 3251 706 3303 sut
730 3251 827 3320 generi
850 3270 883 3307 eu·
901 3252 1033 3323 eugeneri
1053 3251 1101 3305 E³.
1148 3253 1199 3303 eui

167 3326 287 3382 BJFZ
338 3332 388 3384 tuo
401 3331 510 3384 eicleiur
524 3329 662 3383 addidisse
675 3330 716 3381 13²
769 3337 813 3384 24.
829 3333 1013 3387 euieuutE³
1063 3330 1211 3398 incoeptus

168 3412 266 3478 ceptus
280 3409 338 3464 ΕΙ
386 3408 537 3478 phedrome
552 3409 626 3475 libri,
641 3427 654 3462 r
668 3426 681 3462 e
695 3427 763 3464 cerr.
779 3410 820 3463 B²
868 3418 911 3467 ⁶25.
925 3411 1026 3485 pudicp
1039 3412 1066 3466 J.
1085 3413 1188 3481 pudice
1203 3411 1219 3464 1

168 3489 292 3559 cuipiam
310 3491 376 3544 libri
443 3496 485 3542 26.
506 3491 618 3556 oportet
636 3506 695 3544 esse
712 3489 840 3560 Pyleules.
869 3507 928 3545 csse
948 3493 1060 3560 oporiet
1074 3493 1150 3547 libri.
1180 3494 1219 3545 ul

168 3573 281 3639 oportet
296 3570 447 3625 Muellerus
461 3570 538 3622 Iros.
554 3568 690 3637 1'luul.p.
706 3576 760 3626 504
814 3578 856 3626 il'l.
871 3572 914 3626 illi
928 3571 1046 3626 ΕΠΖ
1099 3571 1161 3627 sirii
1178 3573 1219 3626 Mi

169 3650 352 3707 Camerarius.
377 3649 444 3704 sinii
462 3649 525 3702 BE
529 3650 560 3703 Z.
586 3652 651 3703 suni
668 3650 695 3705 J.
715 3668 765 3705 om.
785 3650 820 3705 F.
840 3669 879 3707 uu
896 3653 952 3719 suil
970 3649 1069 3705 scirit?
1138 3652 1206 3707 nolo

168 3736 282 3786 28—30.
311 3732 351 3785 Iu
372 3731 397 3785 J
411 3732 542 3799 pleraque
565 3745 621 3782 uou
644 3730 762 3784 discerni
786 3733 841 3786 ium
860 3737 992 3801 possum
1022 3737 1218 3801 apparuerunt

169 3818 211 3866 28.
231 3829 250 3882 p
270 3812 293 3866 si
304 3854 310 3864 .
322 3854 328 3867 .
342 3852 347 3863 .
360 3810 428 3879 ,pis
466 3816 508 3864 29.
528 3807 581 3862 tibi
599 3808 636 3862 sit
654 3810 764 3877 probro.
801 3819 843 3865 30.
864 3830 942 3882 semp
961 3814 1058 3867 curato
1076 3829 1113 3867 ue
1132 3813 1171 3868 sis
1186 3857 1212 3870 ..

171 3890 235 3944 uilis
302 3893 349 3945 Ad
367 3891 529 3945 uertentium
548 3891 583 3954 es.
604 3889 669 3943 Mil.
688 3891 724 3959 pl.
743 3908 766 3944 e.
785 3896 857 3947 1417
924 3897 966 3947 28.
985 3893 1027 3947 ile
1046 3910 1080 3947 ex
1097 3893 1107 3947 i
1127 3894 1170 3947 liq

169 3970 234 4023 libri
305 3987 430 4025 amorem
449 3969 600 4039 Leupiuru'.
640 3970 769 4025 Muretus
841 3971 864 4024 si
883 3972 957 4041 sepis
977 3972 1012 4036 (si
1030 3992 1043 4027 s
1062 3991 1096 4029 eu
1115 3980 1219 4043 eurr),

169 4054 211 4104 29.
237 4049 333 4105 eieciat
350 4051 386 4107 B.
424 4050 448 4104 si
471 4049 526 4104 siet
545 4049 574 4101 l}
644 4057 686 4105 30.
711 4069 745 4104 ne
770 4051 806 4105 sis
827 4070 860 4107 eu
880 4051 954 4107 nesis
967 4051 1008 4107 13²
1080 4053 1140 4108 inte
1158 4054 1219 4109 stul

240 4137 282 4185 ³1.
312 4136 354 4187 32.
384 4132 445 4186 Hoc
463 4130 560 4186 ordine
578 4130 711 4197 Belliuc,
734 4132 841 4187 inverso
860 4133 938 4189 libri:
966 4150 1032 4188 uere.
1052 4138 1091 4190 32
1110 4135 1182 4187 male
1199 4152 1218 4187 u

166 4214 260 4279 posuit
284 4212 429 4281 Ussiupiru·
500 4217 543 4265 31.
568 4209 646 4264 uerbi
670 4227 720 4265 om.
746 4213 774 4265 E
780 4211 802 4264 ,Ι
807 4212 868 4265 FZ
937 4230 1005 4267 csue
1029 4213 1065 4267 F.
1103 4218 1168 4268 butu
1187 4216 1219 4268 Μ

240 4296 272 4346 ut
290 4309 348 4361 sup.
368 4293 478 4347 cerud
547 4291 621 4345 viem
646 4291 790 4360 Useiupius
808 4293 966 4346 dubitanter
1038 4299 1081 4348 32.
1107 4298 1204 4347 amulo

171 4373 272 4424 rarius.
310 4390 374 4427 amu
397 4374 463 4427 libri
553 4371 729 4441 presentibus
753 4373 823 4426 BE.
869 4374 939 4428 idem
961 4374 995 4439 J,
1022 4375 1054 4427 iu
1076 4390 1130 4443 quo
1152 4380 1219 4429 celer

170 4457 360 4519 apparuerunt
