2956 5678
176 286 239 349 146
654 284 840 341 APPENDIX
1216 293 1319 342 sl-ss

172 448 221 516 qui
245 448 394 513 urendum
420 448 565 518 nealeyunt
586 463 644 501 non
665 452 721 500 tam
743 462 791 514 per
815 462 844 500 se
865 447 1011 514 offensioni
1027 447 1115 514 tuisse
1132 450 1318 503 numatianus

172 530 346 596 (quamquam
365 544 462 582 curare
480 529 587 598 aliquid
611 528 704 595 aliquo
726 542 784 580 non
800 527 918 592 elicitur,
940 528 1072 581 mandare
1089 529 1131 582 sic
1149 529 1209 583 dici
1223 534 1317 597 potest)

171 622 252 675 quam
270 624 349 662 versu
363 612 399 663 53
417 609 517 677 respui.
555 607 647 662 Possis
670 605 817 675 Epidamni
841 623 860 660 a
881 622 926 660 ma
944 605 1067 660 cararia
1087 605 1151 661 Sibi
1168 606 1238 664 noli
1276 606 1314 674 Cf.

172 686 254 740 Pocn.
274 704 296 741 e.
317 692 428 743 79-82
447 689 537 756 ibique
555 688 697 742 adnotata.

262 771 304 820 bb.
331 767 379 822 En·
402 767 475 822 Nam
498 766 553 821 nisi
576 768 645 822 male
669 767 782 835 repetito
805 766 851 834 (cf.
876 765 1013 833 Berylius
1036 765 1136 834 Opnse.
1162 767 1185 818 I
1203 783 1232 835 p.
1252 768 1312 834 178)

172 844 235 899 Nisi
254 846 328 914 quod
348 848 467 914 efficiens
485 863 575 916 nugas
593 847 645 901 dcl,
665 848 708 912 si,
730 850 762 899 ut
779 861 841 900 curn
859 844 964 915 Pylade
982 861 1073 900 omnes
1091 848 1209 901 eduam
1226 849 1256 901 in
1271 864 1309 915 ye-

170 928 246 982 mino
260 944 339 983 uersu
353 928 471 983 Poenuli
484 933 539 983 82:
557 929 607 982 ubi
624 929 688 982 item
705 927 806 980 rectius
823 926 905 980 initio
915 924 1019 979 Varum
1038 933 1090 981 ant
1102 927 1233 981 &haeris
1250 929 1306 995 (ser-

170 1012 233 1061 oato
248 1007 340 1076 magis
354 1009 473 1063 maiores
488 1009 588 1077 nugas)
606 1013 655 1062 aut
670 1007 707 1061 ad
721 1024 744 1060 a.
759 1009 797 1060 83
815 1008 928 1060 initium
943 1022 997 1074 pro
1015 1005 1073 1060 ssd
1090 1007 1249 1062 adhibueris
1264 1009 1304 1073 (cs.

170 1104 257 1157 supra
275 1089 313 1143 ael
330 1107 355 1144 o.
375 1090 433 1155 12).

260 1176 302 1223 57.
321 1167 371 1223 illa
396 1186 477 1238 quem
502 1170 568 1222 ants
591 1169 716 1222 dixeram
735 1166 889 1222 Lambinus
911 1168 943 1221 in
965 1168 1059 1221 adnot.
1085 1166 1147 1222 illic
1165 1184 1244 1236 quem
1260 1166 1302 1220 da·

172 1246 238 1300 dum
259 1247 284 1302 d.
305 1248 432 1316 Ennomus
450 1249 468 1303 l.
487 1264 508 1303 s.
527 1265 548 1302 s.
563 1265 593 1317 p.
614 1247 744 1301 XVIII.
780 1246 830 1301 ills
849 1250 882 1300 ab
900 1246 1005 1301 dudum
1025 1247 1051 1302 d.
1072 1247 1223 1302 Muellerum
1234 1247 1298 1301 Pras.

167 1345 198 1395 p.
217 1330 273 1381 336
281 1343 318 1395 sq.
355 1327 505 1396 illaquam
525 1327 692 1382 admodum
712 1327 1022 1398 d.Lan9enust.s.s.
1059 1325 1211 1395 illaquam
1228 1328 1296 1381 modo

173 1408 198 1461 d.
218 1408 352 1462 Deiatzlm
371 1409 388 1461 l.
407 1425 428 1461 s.
447 1425 468 1462 s.
507 1407 548 1473 Cf.
575 1407 733 1462 Brandtius
757 1409 790 1461 dc
814 1424 873 1478 yesi.
897 1424 926 1476 p.
951 1412 977 1461 9.
1014 1405 1149 1462 Fortasse
1170 1411 1294 1476 antuus:

171 1488 245 1542 lassu
267 1489 389 1542 uersibus
408 1491 508 1557 43sqq.
528 1492 610 1556 58sq.
630 1487 734 1542 adamis
751 1488 917 1542 dilataretur
941 1488 998 1553 tuit
1015 1488 1088 1541 aclut
1107 1486 1290 1555 quamdudum

169 1567 287 1621 aluerat.
307 1599 340 1606 -
366 1567 397 1620 V.
417 1573 450 1621 62
470 1583 526 1635 qua
548 1584 609 1620 cum
627 1566 679 1621 Bb
698 1572 722 1621 ct
741 1584 803 1622 mox
822 1566 867 1621 dis
882 1582 937 1635 pro
955 1565 1031 1620 diam
1051 1567 1236 1634 Camerarius,
1255 1568 1292 1621 ubi

172 1664 255 1715 quom
275 1653 300 1702 ct
319 1646 393 1701 diem
411 1649 495 1702 restit.
517 1648 672 1702 Acidalius.

241 1733 274 1781 63
284 1744 339 1796 sqq.
358 1725 491 1796 pluuarab
505 1728 535 1780 Il
555 1743 615 1781 cum
630 1726 704 1779 Aldu
722 1729 802 1794 atque
820 1725 945 1780 Bentleio
962 1726 995 1779 in
1009 1725 1081 1781 Hor.
1097 1726 1182 1782 Serrai.
1194 1726 1215 1780 I
1222 1731 1244 1793 b,
1254 1731 1284 1779 lb.

170 1808 210 1861 At
223 1804 350 1876 praeter*
364 1806 538 1861 Consentium
564 1807 597 1872 cll
631 1805 721 1859 Varro
749 1806 782 1860 eie
805 1806 822 1860 t.
849 1807 866 1859 l.
891 1804 942 1859 IX
963 1810 1018 1860 101
1042 1807 1136 1877 ibique
1155 1807 1283 1861 Munera

170 1886 240 1940 Mos
259 1887 318 1954 (ubi
340 1885 496 1954 Ingressum
517 1886 648 1940 Faernus
671 1887 703 1939 in
728 1885 788 1940 Ter.
808 1885 913 1940 Heaut.
931 1885 971 1938 II
987 1892 1007 1941 2
1012 1927 1022 1954 ,
1041 1891 1078 1940 10
1101 1887 1282 1953 inscientem

169 1968 235 2034 oid.)
255 1966 414 2035 Ingressust
433 1968 468 2034 (et
485 1982 510 2019 o.
529 1971 563 2019 65
583 1964 683 2019 fluuius
698 1982 752 2035 pro
776 1965 872 2034 pasti,
899 1967 949 2020 ubi
971 1966 1052 2034 pueri
1076 1966 1101 2021 is
1120 1968 1160 2036 Ἐ)
1177 1965 1281 2035 Bactria

170 2047 268 2115 Opnsc.
285 2047 306 2100 Ι
322 2051 477 2114 p.159sq.,
497 2045 623 2115 Ingresso
638 2047 773 2101 Driatulro
792 2047 808 2100 l.
823 2063 845 2100 s.
862 2062 900 2101 s..·
918 2047 1018 2115 quibus
1035 2046 1224 2101 mutationibus
1237 2059 1279 2098 aa

168 2127 353 2182 anacoluthon
370 2143 403 2180 esc
421 2126 562 2179 verborum
581 2128 644 2180 lusu
662 2133 751 2181 ortum
771 2127 895 2191 commun,
913 2127 1080 2181 molestiores
1096 2127 1168 2194 fiunt
1182 2124 1278 2181 mauis

168 2209 262 2262 tiones.
302 2205 423 2261 Ceterum
442 2204 517 2259 haud
537 2205 660 2275 longiter
677 2207 794 2261 malebat
811 2206 973 2261 Lambinus.

261 2293 303 2341 67.
325 2286 368 2339 lta
380 2284 424 2339 illi
442 2285 559 2340 diuitias
573 2286 863 2356 eueneruanyladcs.
899 2284 945 2339 Illi
963 2290 1024 2340 tum
1044 2285 1162 2341 diuitias
1180 2282 1276 2354 (maiia

170 2372 228 2421 tum
257 2368 383 2434 Guietus)
408 2382 525 2421 euenere
553 2365 735 2421 Camerarius.
773 2363 824 2418 lllo
848 2366 891 2419 illi
915 2364 1034 2420 diuinas
1061 2383 1086 2422 s.
1104 2367 1218 2421 Botbiue
1244 2359 1275 2415 Illi

168 2448 286 2503 diuitias
308 2446 349 2501 ita
368 2464 391 2501 s.
412 2449 441 2502 Ii
464 2448 619 2516 obloquente
642 2446 771 2501 Braum'o
790 2447 807 2501 l.
826 2463 847 2500 s.
866 2463 886 2500 s.
904 2452 1001 2515 1221.
1039 2446 1085 2502 lili
1109 2447 1214 2502 diaibise
1230 2457 1275 2514 pro

168 2530 307 2583 uenerunt
325 2527 487 2596 Spcnyclius
506 2527 523 2579 l.
537 2542 558 2580 s.
573 2543 594 2580 s.
606 2543 635 2594 p.
651 2530 713 2581 435.
752 2527 923 2596 Proloyr'stac
940 2528 1061 2583 tribuere
1079 2529 1163 2598 possis
1178 2523 1275 2580 illidam

169 2608 287 2662 diuitias
301 2608 349 2676 (cs.
364 2608 401 2661 ael
415 2624 438 2660 o.
451 2610 508 2673 85).
546 2607 677 2661 Priorum
694 2623 756 2661 sero
771 2611 918 2661 cmnmenta
936 2607 1082 2677 nequount
1099 2612 1212 2676 apenos
1224 2605 1276 2657 intes

167 2705 327 2743 maxumam
340 2703 448 2742 crucem
465 2691 490 2739 et
502 2686 617 2740 diuitiae
633 2703 779 2740 maxumas
793 2688 1002 2756 oppositionem:
1019 2689 1096 2743 uncle
1108 2691 1186 2742 etiam
1193 2685 1274 2740 Driatt·

167 2770 245 2822 lconis
263 2769 359 2837 opinio
377 2767 575 2836 amplificanda
589 2773 656 2821 erat.
674 2798 703 2805 -
721 2768 768 2821 Art
785 2767 883 2822 ueniet
894 2785 918 2821 a.
931 2773 965 2821 70
983 2769 1133 2836 repositum
1150 2768 1181 2834 es.
1193 2767 1275 2836 onds

167 2865 191 2901 a.
211 2851 268 2902 230
287 2846 370 2900 Poon.
390 2850 453 2911 124,
473 2847 571 2914 Amph.
592 2850 653 2899 140.

239 2932 280 2980 75.
301 2926 385 2979 Modo
400 2926 474 2978 enim
487 2926 520 2979 fit
537 2927 598 2980 leno
615 2926 790 2982 Camerarius
804 2928 863 2994 (ubi
877 2927 950 2982 enim
965 2928 1016 2982 ciel.
1033 2929 1190 2997 Bentlcius).
1213 2921 1273 2976 Μθᾶθ

170 3007 217 3060 hic
236 3007 328 3075 agitat
347 3006 410 3058 leno
432 3007 580 3072 Gruterus,
604 3024 680 3075 quem
698 3015 767 3063 recte
784 3009 950 3076 scripturam
969 3011 1172 3078 interpretatum
1189 3021 1231 3060 ear
1243 3018 1274 3056 rs·

168 3092 214 3139 tus
233 3084 317 3138 Modo
338 3086 401 3138 leno
421 3085 466 3138 hic
486 3087 579 3155 agitat
597 3089 660 3140 trai.
677 3089 706 3142 iil
726 3088 794 3142 ‘nisi
807 3088 891 3142 Modo
911 3088 1004 3157 agibab
1022 3089 1086 3142 leno
1105 3088 1149 3142 hic
1165 3088 1201 3140 ael
1214 3080 1275 3135 Modt

169 3164 241 3219 anim
271 3164 316 3217 hic
341 3165 404 3217 leno
428 3165 520 3233 agitat
541 3167 634 3221 males’
659 3168 704 3236 (cs.
726 3169 879 3222 Muellerus
901 3168 977 3224 Pras.
999 3188 1029 3237 p.
1049 3171 1124 3237 397).
1160 3164 1230 3220 Modo
1243 3161 1276 3214 hic

170 3246 264 3297 adstat
282 3244 345 3299 lano
361 3244 485 3300 Botbius.
523 3245 607 3301 Modo
625 3247 680 3302 huc
700 3246 790 3301 adibat
807 3246 872 3301 leno
889 3249 994 3303 Cnions
1008 3251 1026 3302 l.
1040 3266 1061 3303 s.
1075 3265 1095 3303 s.
1111 3251 1194 3318 1255.
1221 3245 1277 3312 Qua

168 3341 258 3379 ornnes
283 3326 435 3394 scripturas
462 3329 567 3395 respuit
589 3330 723 3382 sententia
748 3327 850 3395 (agitat
874 3329 956 3382 etiarn
979 3329 1092 3398 linquae
1113 3328 1197 3394 usus):
1216 3335 1277 3390 meu

166 3411 235 3460 reste
253 3405 378 3459 familias
400 3424 423 3460 o.
445 3411 480 3460 74
499 3407 533 3461 ab
552 3410 677 3462 omuibus
695 3409 827 3464 limentur
849 3410 1014 3462 histrionum
1033 3409 1117 3477 (uncte
1134 3406 1238 3460 Briaius
1250 3399 1278 3455 rel

165 3486 210 3539 hia
229 3504 253 3541 u.
275 3492 310 3541 75
328 3488 486 3541 histrionem
505 3489 662 3557 siquificare
680 3490 807 3557 soluitt),
835 3490 916 3558 quasi
929 3505 983 3558 pro
1002 3490 1119 3542 caterms
1136 3486 1236 3542 diensis
1249 3482 1278 3535 li·

163 3583 256 3621 versae
270 3569 467 3622 conioediaram
483 3568 562 3623 urbes
577 3570 728 3637 sinuantur.
765 3570 896 3623 Nostram
906 3570 1073 3636 arripueram
1085 3569 1218 3634 confirmat
1228 3563 1280 3616 Itu

164 3648 216 3701 cul.
235 3664 258 3701 s.
280 3652 398 3701 10-12.
436 3648 515 3702 Adde
533 3648 665 3716 Pompon.
684 3666 708 3702 o.
728 3655 780 3703 111
791 3649 837 3714 s„
856 3651 892 3703 at.

254 3733 334 3796 itaq.
372 3728 422 3780 Eu
445 3729 501 3781 atio
520 3730 644 3796 paranti
668 3731 807 3798 monolooo
828 3730 876 3783 bos
898 3744 991 3783 nasus
1009 3729 1117 3782 derioat
1135 3724 1282 3782 Sonnenbut·

163 3809 225 3873 nius
246 3807 289 3861 ‘dc
309 3807 383 3860 Men.
403 3807 448 3860 Pl.
474 3808 595 3861 retract.’
621 3808 661 3861 eei.
685 3809 802 3864 Bonnae
825 3813 946 3864 α.1882
968 3825 997 3877 p.
1020 3812 1040 3861 2
1064 3809 1218 3862 assentiente
1233 3803 1283 3857 sa

164 3887 253 3940 beckio
280 3888 356 3939 Mus.
377 3886 463 3940 Riicn.
496 3887 661 3940 XXXVII
674 3906 704 3956 p.
725 3893 794 3956 532,
819 3891 975 3959 obloquente
999 3888 1133 3957 Lanymso
1158 3887 1229 3959 ΒΜ
1252 3883 1285 3936 Pl·

161 3982 189 4030 p.
209 3969 273 4018 296.
311 3965 431 4020 Hiatum
454 3968 526 4020 inter
544 3985 566 4020 u.
589 3972 622 4020 78
642 3973 667 4021 et
691 3973 724 4022 79
748 3986 824 4037 quem
848 3974 989 4023 senserunt
1013 3985 1074 4022 cum
1094 3968 1235 4022 Riteebelr'o
1250 3963 1286 4027 tet.

160 4046 264 4111 praes.)
282 4046 347 4098 iude
364 4063 489 4101 revocare
499 4049 599 4114 possis,
617 4049 689 4114 quod
703 4049 845 4117 insequens
860 4051 955 4117 potius
973 4049 1064 4103 oratio
1083 4065 1117 4101 aa
1135 4048 1192 4102 alia
1207 4043 1288 4111 sabula

164 4125 347 4178 Menaechmis
365 4128 567 4181 accommodata
581 4129 624 4182 sit.
662 4129 701 4180 At
715 4130 810 4182 metius
825 4130 954 4182 lacunam
972 4129 1010 4181 ael
1028 4128 1239 4196 hecenensium
1255 4140 1289 4176 m·

159 4207 290 4272 piaveris:
316 4206 387 4259 sans
410 4209 477 4260 miro
501 4207 568 4260 itam
588 4207 654 4273 alii,
681 4210 730 4274 qui
749 4226 793 4262 mc
812 4206 994 4262 Pandicaliim
1014 4210 1132 4274 uocant,
1158 4205 1220 4258 ldsb
1238 4202 1312 4271 qais-

162 4302 232 4338 sana
252 4286 329 4338 ubist
347 4286 426 4352 quasi
446 4287 555 4339 uinctus
575 4287 684 4355 psndso
704 4290 749 4354 (cf.
769 4290 864 4342 testim.
884 4290 922 4342 ad
940 4305 964 4342 v.
983 4293 1058 4351 391).

253 4372 285 4417 82
297 4383 333 4434 sq.
354 4366 416 4418 Hos
429 4384 520 4421 uersus
534 4370 593 4421 secl.
611 4368 754 4435 Vssinnius
768 4369 881 4436 itemque
898 4367 1065 4422 Ribbeekius
1079 4367 1215 4434 refutante
1227 4365 1293 4419 Lan·
