2940 5062
234 285 277 350 98
722 285 908 341 APPENDIX
1246 290 1387 340 111-142

239 464 310 517 opus
328 446 381 501 tibi
408 447 461 502 erit
484 449 579 516 eorr.):
607 451 687 517 atque
714 451 844 517 prompto
871 464 938 502 usus
964 448 1043 502 ualde
1066 447 1235 502 commendat
1257 453 1282 502 et
1301 464 1390 517 paene

238 529 381 599 efflapitat.
420 530 462 593 Cf.
482 528 633 583 Koeblerus
651 531 684 583 de
702 533 800 598 septen.
820 530 901 584 troeb.
917 546 947 597 p.
963 532 1008 582 37.

327 624 384 671 116.
405 617 457 672 tibi
472 615 553 672 iuuat
569 617 691 688 Pylades
705 619 911 684 defendentibus
921 617 1053 682 Mansio,
1069 615 1227 683 Gulielmia
1242 617 1387 673 salmasio.

234 728 267 736 -
289 696 333 764 Cf.
353 698 470 752 Blasius
488 700 521 753 de
536 705 653 766 parunt.
674 704 752 766 temp.
769 715 799 766 p.
814 702 850 751 31
869 697 940 768 [37].

327 790 385 840 111.
413 786 463 841 Ius.
483 787 593 841 ecastor
615 785 746 856 Cupetus.
765 816 799 824 -
817 784 959 857 mihi<st>
976 786 1173 840 Fleckeisenus.
1209 786 1252 852 Cs.
1267 788 1388 841 Briaius

234 866 351 920 Emend.
364 866 408 921 Pl.
421 868 472 933 (ed.
487 886 513 920 a.
526 871 608 936 1854)
620 865 798 936 1110-Αά
811 884 836 920 o.
849 872 899 920 118
919 868 954 932 cs.
964 865 1099 919 Haudius
1112 866 1224 920 Turseli.
1237 868 1278 920 II
1290 871 1387 935 pm.

329 950 387 1000 120.
417 945 526 1000 Vitium
545 947 620 1001 idem
635 946 705 1000 mihi
720 962 838 1015 magnae
852 945 929 1015 parti
943 946 1016 1013 quod
1032 933 1178 999 mulierum
1194 949 1239 1001 est
1254 946 1387 1018 Guyetus.

235 1024 313 1079 Idem
342 1025 413 1079 mihi
440 1028 516 1095 quod
545 1042 664 1097 magnae
691 1025 767 1095 parti
795 1028 839 1079 est
861 1025 961 1078 uitium
985 1024 1132 1078 mulierum
1156 1022 1289 1094 Barbius,
1314 1026 1387 1080 Her·

234 1124 368 1162 marinus:
395 1108 445 1162 ubi
467 1106 539 1161 Mihi
565 1108 640 1161 idem
662 1107 814 1160 Muellerus
834 1105 940 1159 ‘Pras’
958 1122 987 1173 p.
1004 1110 1057 1158 114
1083 1105 1130 1172 (1Ῑῖ
1148 1104 1265 1160 Naebtr.
1284 1124 1312 1174 p.
1328 1110 1388 1173 nt:

237 1192 319 1256 atque
337 1186 408 1241 Mihi
426 1187 531 1242 idemst
548 1190 630 1242 etiam
649 1186 843 1241 Fteebeuenus
861 1186 964 1239 suadet.
976 1215 1011 1224 -
1025 1185 1114 1258 Md·
1132 1189 1180 1236 121
1202 1187 1237 1251 esi
1254 1185 1388 1239 Heinsius

235 1267 350 1323 Advers.
369 1287 397 1336 p.
415 1272 477 1324 102.

324 1355 384 1401 123.
414 1364 466 1416 ego
487 1347 565 1401 illum
585 1348 665 1409 olim,
685 1362 757 1414 quse
781 1346 850 1398 flens
877 1343 942 1399 hinc
964 1344 1091 1415 Pylades.
1130 1344 1216 1398 illanc
1235 1361 1288 1414 ego
1308 1344 1386 1412 olim,

233 1445 305 1497 quse
325 1428 391 1481 hina
411 1429 479 1482 flens
500 1428 683 1482 Camerarius.
720 1426 770 1479 ille
789 1424 826 1493 (ἓ)
846 1442 898 1494 ego
924 1424 1060 1493 puellam,
1080 1442 1152 1493 quae
1177 1423 1242 1480 hina
1260 1426 1331 1479 flens
1351 1430 1386 1492 (et

236 1509 310 1561 Olim
330 1506 598 1576 proiectama.124)
616 1506 769 1559 Muellerus
784 1522 813 1572 p.
824 1510 889 1559 250.
921 1505 961 1570 Cf.
977 1504 1128 1574 Seyffertus
1142 1504 1223 1560 Sena.
1242 1506 1287 1559 Pz.
1298 1522 1329 1575 p.
1339 1510 1386 1573 20,

234 1588 398 1657 Kaempfius
416 1589 449 1641 de
463 1604 545 1656 pron.
561 1606 591 1656 p.
606 1591 657 1652 22,
676 1585 839 1639 Sbutsebius
859 1584 996 1639 ‘Forsan’
1018 1586 1040 1637 I
1052 1601 1083 1654 p.
1100 1589 1154 1639 101
1172 1586 1237 1641 adn.

323 1672 383 1723 124.
402 1667 521 1722 Puerum
536 1668 669 1736 Capetus,
684 1667 800 1732 sortasse
815 1670 890 1720 reate.
916 1664 984 1718 Vide
998 1665 1035 1719 ad
1048 1682 1073 1718 u.
1083 1669 1138 1720 123
1152 1672 1176 1719 et
1190 1668 1226 1732 es.
1241 1666 1386 1721 Ktatnium

234 1765 263 1816 p.
279 1752 326 1814 84,
344 1748 381 1802 al.
402 1779 433 1786 -
454 1746 606 1816 angiportu
624 1747 685 1816 (det.
705 1748 749 1812 ex)
768 1746 894 1799 Botbius.

324 1832 374 1881 125
388 1844 443 1896 sqq.
472 1826 502 1881 V.
519 1831 674 1892 126-129,
702 1841 768 1893 quos
790 1825 969 1894 parenthesin
997 1841 1050 1879 esse
1076 1826 1202 1881 volebant
1227 1827 1386 1882 Saracenus

231 1906 452 1977 Lambinusqua,
472 1913 536 1975 post
558 1925 583 1960 a.
600 1911 650 1959 122
674 1906 782 1960 traiecit
804 1905 960 1960 Acidaliae.
1000 1905 1041 1972 Cf.
1063 1906 1212 1973 Teuffelius
1237 1906 1332 1962 ‘seua
1356 1926 1384 1961 u.

234 1987 329 2043 Char!
347 2006 377 2056 p.
393 1991 461 2053 260,
480 1986 615 2041 Deiateko
634 1987 667 2039 de
681 1987 754 2053 prot.
770 2004 802 2054 p.
816 1989 864 2051 25,
883 1984 1030 2055 Seyffertus
1049 1985 1129 2042 Stnd.
1145 1987 1188 2041 Pl.
1204 2005 1235 2056 p.
1247 1993 1292 2055 11,
1306 1988 1384 2044 Lan-

230 2083 317 2138 penus
344 2067 424 2121 seua.
455 2066 501 2119 Pl.
526 2083 558 2134 p.
572 2070 642 2129 231,
670 2065 874 2120 Studemundus
903 2068 934 2118 iu
961 2065 1042 2121 Stud.
1062 2067 1105 2120 ΙΙ
1126 2071 1240 2136 11120,
1269 2070 1386 2139 denique

233 2147 440 2201 Trautweinius
463 2147 496 2201 de
514 2147 587 2214 prol.
608 2146 651 2199 Pl.
671 2147 762 2199 indole
786 2145 836 2212 (ed.
856 2145 948 2199 BeroI.
967 2165 993 2200 a.
1013 2149 1097 2216 1890)
1113 2165 1143 2216 p.
1160 2153 1205 2216 55,
1224 2151 1275 2218 aui
1293 2166 1387 2205 versus

233 2228 361 2281 traiectos
378 2226 498 2297 nepleeta
516 2227 658 2293 utriusque
677 2225 842 2279 recensionis
860 2228 989 2280 minaria
1008 2233 1033 2281 et
1056 2229 1180 2282 admissa
1202 2230 1385 2285 anacolutbia

231 2307 322 2361 ebriae
348 2307 459 2359 mulieri
485 2305 625 2359 uindicat!
644 2335 677 2343 —
700 2303 732 2356 V.
748 2309 799 2358 126
830 2304 904 2369 Quin
932 2321 985 2373 ego
1012 2323 1086 2361 nune
1109 2308 1176 2375 quia
1199 2311 1267 2377 (pro
1290 2310 1385 2378 quasi)

233 2385 411 2439 Camerarius
428 2385 601 2438 servantibus
615 2385 753 2452 plerisque
771 2384 828 2452 (sed
848 2385 966 2438 honesta
979 2387 1032 2453 def.
1048 2388 1223 2456 Benarstus):
1242 2391 1279 2456 ef.
1290 2391 1385 2444 Brau-

230 2466 295 2519 nius
316 2464 424 2519 Obsero.
443 2481 556 2532 pramm.
571 2480 602 2532 p.
617 2467 660 2516 31.
681 2494 713 2502 —
734 2463 766 2517 V.
784 2469 832 2517 127
855 2464 1030 2531 Quisquam
1050 2465 1323 2537 11111οῆ10111-
1339 2470 1387 2523 Ad

229 2562 253 2600 o.
272 2551 322 2598 128
346 2546 381 2610 es.
406 2544 549 2598 Bentleius
572 2544 610 2599 ad
638 2544 697 2598 Ter.
716 2543 792 2596 Eun.
817 2544 844 2596 V
861 2550 889 2608 3,
904 2550 951 2599 26.
971 2576 1005 2584 -
1025 2545 1056 2598 V.
1073 2551 1124 2599 129
1152 2563 1208 2614 quo
1228 2565 1285 2616 pro
1308 2550 1386 2616 quod

233 2625 411 2679 Camerarius
429 2626 461 2678 in
479 2642 545 2678 ann.
564 2624 781 2691 Lambinuspue:
800 2624 835 2689 af.
855 2624 991 2692 Berytius
1012 2625 1124 2680 ‘Beitr.'
1141 2645 1172 2696 p.
1187 2632 1232 2682 57.

323 2710 382 2759 130.
413 2703 527 2772 Sicyoni
544 2704 700 2774 Komiipius
718 2705 750 2755 in
766 2719 858 2772 propr.
881 2704 1008 2760 Patsebb.
1028 2724 1055 2759 a.
1074 2711 1151 2760 1833
1171 2725 1202 2776 p.
1218 2712 1236 2762 3
1255 2715 1282 2763 et
1301 2709 1386 2765 Goer-

231 2785 323 2855 bipius
344 2784 427 2839 ‘nom
452 2786 552 2853 quibus
579 2785 638 2837 laea
666 2783 761 2851 sepitis.
780 2799 847 2836 usus
870 2784 927 2837 PL’
952 2787 1003 2852 (ed.
1023 2786 1116 2840 Halae
1139 2805 1166 2842 a.
1186 2792 1273 2859 1883)
1287 2808 1318 2859 p.
1332 2796 1386 2847 29:

232 2867 346 2933 itumque
365 2864 494 2934 Sicyonei
513 2864 708 2918 I'Ieetceisenus
731 2864 789 2916 eall.
814 2868 917 2917 a156.
937 2868 999 2920 190.
1018 2897 1054 2905 -
1072 2869 1119 2920 Ad
1144 2885 1169 2921 a.
1186 2874 1236 2922 131
1259 2870 1386 2942 (misere)

233 2946 269 3011 af.
289 2944 438 3013 Seyffertus
457 2944 536 2999 Stud.
557 2944 601 2997 Pl.
619 2960 647 3011 p.
663 2949 690 2996 3.

322 3030 381 3078 132.
408 3025 493 3078 Hunc
511 3042 534 3077 a.
554 3024 606 3078 del.
627 3023 757 3091 Capetus.
779 3052 810 3060 -
832 3039 926 3077 amore
945 3023 973 3076 in
993 3039 1057 3077 eum
1075 3026 1146 3080 haec
1165 3028 1311 3096 perditast
1328 3032 1386 3103 Pp·

231 3103 312 3156 lades.
351 3119 445 3157 umore
473 3105 542 3157 haec
570 3102 710 3171 perditast
733 3100 921 3169 Camerarius,
944 3104 1103 3175 Bentleius:
1125 3108 1160 3172 ef.
1187 3109 1388 3168 Fleckeisenus

230 3182 332 3237 Exere.
363 3183 458 3237 Plaut.
483 3201 513 3254 p.
529 3187 573 3237 33.
611 3197 705 3236 umore
733 3197 796 3234 eum
830 3182 900 3235 haee
931 3183 1044 3252 apperit
1073 3187 1102 3254 (i.
1122 3203 1143 3241 e.
1177 3189 1291 3259 deperit
1323 3194 1386 3248 call,

230 3262 385 3315 ‘adamare
405 3262 555 3328 deamare’)
576 3262 719 3315 Meursius
739 3261 764 3314 ‘e
781 3267 830 3315 oet.
849 3263 919 3315 eod’
940 3265 996 3329 fere
1013 3282 1074 3318 eum
1092 3268 1128 3320 A.

322 3347 380 3395 136.
409 3344 515 3409 nutum,
534 3357 619 3409 eapse
638 3356 721 3408 quem
740 3339 794 3393 sibi
816 3341 949 3408 ‘auidam’
972 3346 1048 3412 apud
1066 3346 1243 3403 Lambinum.
1274 3356 1385 3423 natum,

231 3438 315 3490 eapse
347 3437 403 3489 quo
436 3421 490 3474 sibi
523 3422 677 3474 Aeidutius.
716 3421 822 3487 natum,
856 3422 930 3489 quod
963 3440 1047 3492 eapse
1079 3426 1132 3479 sibi
1165 3430 1301 3499 Capetus,
1338 3436 1387 3490 De

229 3503 404 3557 distinetione
422 3501 457 3567 ef.
479 3500 641 3554 Croreoaius.
663 3531 693 3539 —
720 3499 751 3552 V.
769 3505 819 3552 138
838 3499 864 3554 oi
889 3502 964 3569 quod
988 3505 1080 3559 orauit
1102 3524 1147 3560 me
1170 3509 1302 3580 Pylades,
1340 3514 1382 3569 eii

229 3582 304 3651 quod
323 3598 368 3634 me
387 3597 412 3634 o.
432 3580 594 3634 Lambinus.

320 3668 380 3715 139.
409 3660 561 3729 Postquam
589 3659 713 3728 puellam
747 3676 809 3713 eam
839 3661 972 3730 Pylades,
1001 3664 1183 3723 Camerarius.
1222 3670 1381 3741 Postquam

229 3741 354 3810 puellam
378 3742 504 3795 Botbius.
541 3741 609 3792 Post
637 3756 698 3791 eum
717 3739 839 3807 puellam
865 3758 949 3808 quam
976 3745 1129 3800 Muellerus
1147 3766 1177 3816 p.
1193 3754 1258 3804 483.
1297 3751 1382 3809 Post·

229 3839 315 3888 quam
335 3837 368 3874 eu
387 3818 511 3888 puellum
529 3818 608 3872 illam
627 3820 698 3872 idem
718 3819 857 3873 ‘Nectite'
873 3839 904 3888 p.
920 3827 963 3875 70.
1003 3826 1044 3890 Cf.
1064 3826 1215 3898 Lanpenus
1234 3831 1315 3888 Stud,
1332 3835 1383 3890 Pl,

225 3916 255 3965 p.
272 3902 309 3952 32
328 3905 352 3951 et
371 3899 518 3968 Seyffertns
537 3898 623 3951 ‘Berl¹
639 3899 735 3964 philol.
756 3898 872 3954 Wsebr!
894 3899 978 3953 VIII
994 3921 1024 3971 p.
1039 3910 1097 3959 231
1106 3924 1143 3976 sq.

321 3983 379 4030 140.
408 3977 532 4031 Eandem
560 3975 671 4045 peperit
697 3977 808 4044 qirulem
837 3982 871 4046 (it
897 3997 914 4032 a
937 3984 1012 4050 med)
1036 3985 1168 4056 Guyetus.
1207 3989 1280 4047 Eam
1299 3999 1384 4064 puel-

229 4055 287 4107 lam
319 4055 429 4123 peperit
461 4073 544 4124 quum
578 4057 694 4110 Botbins
727 4074 740 4109 e
771 4074 817 4111 ms.
861 4058 902 4124 Cf.
931 4061 1137 4119 Studeruundus
1169 4070 1201 4123 in
1234 4071 1317 4129 Stud,
1339 4078 1386 4132 ΙΙ

224 4152 255 4204 p.
269 4138 327 4189 420
340 4152 378 4203 sq.
397 4136 461 4188 adu.

320 4221 378 4269 142.
407 4232 478 4281 quae
498 4232 515 4267 a
533 4214 607 4267 mulo
627 4213 771 4281 scrupi-rus
785 4216 930 4272 Praemess.
946 4224 1020 4288 epist.
1033 4232 1077 4278 12.
1117 4246 1189 4297 quae
1211 4233 1289 4287 malo
1309 4240 1385 4304 (seit.

229 4295 317 4357 modo)
349 4294 512 4348 Gronovius.
551 4295 593 4359 Cf.
617 4294 757 4347 Bentbius
785 4299 821 4349 ael
852 4299 911 4352 Ter.
940 4301 1234 4380 Ρ1101·111.1113,11,
1263 4315 1387 4374 Raetias

226 4390 256 4441 p.
272 4377 335 4436 102,
354 4374 516 4427 Duebrurus
535 4374 638 4425 Armet.
655 4374 749 4440 philol.
770 4375 819 4427 IV
831 4395 860 4444 p.
875 4382 937 4433 315.
