2956 5678
83 412 90 425 .
167 329 235 394 190
608 326 868 384 EPILECOMENA

168 491 431 559 Cesistionem
452 488 992 577 (Cesistioneu1)‚Hortulum,
1013 490 1261 558 Artemonem
1277 529 1314 541 —

168 600 404 666 Rurscunmvs
423 597 568 685 (Parerg.
586 623 618 684 p.
633 601 674 665 73
685 600 768 684 sqq.)
789 599 922 684 egregia
939 600 1212 665 commentatione
1231 622 1317 686 quae

170 709 220 770 est
251 707 289 770 de
314 705 420 770 Plauti
449 705 567 770 sabulis
592 704 804 770 Varroninnis
833 705 1056 770 demonstrare
1084 713 1221 773 conatus
1252 712 1317 775 ant:

168 836 232 897 qua
264 815 297 877 in
331 813 519 898 quaestione
552 812 590 875 de
624 809 762 897 singulis
793 810 984 895 quibusdam
1016 811 1138 877 fabulis
1171 814 1316 881 dubitari

169 942 265 1003 posse
288 941 391 1003 neque
410 919 653 984 ltlrscna'mvu
673 917 758 1002 fugit
778 924 811 982 ct
834 923 1029 984 monuerunt
1047 920 1102 1004 qui
1126 921 1318 1005 pastillum
1360 946 1369 961 ·

143 1062 149 1073 ·
168 1028 206 1090 dc
227 1027 337 1091 cadem
357 1048 391 1090 re
411 1026 641 1111 quaesiverunt
660 1022 715 1110 (cf.
734 1041 816 1109 quae
835 1024 983 1108 exposuit
997 1024 1193 1093 W1uraavs
1213 1029 1317 1112 praei.

117 1126 123 1137 ’
167 1157 197 1218 p.
217 1135 252 1218 3,
280 1134 428 1218 quamvis
457 1154 521 1197 uon
550 1133 637 1198 omni
668 1154 706 1196 cx
730 1136 822 1215 laerte
845 1137 931 1196 reete
954 1131 1170 1220 iudicaverit).
1205 1133 1317 1200 'lanta

167 1246 274 1306 autem
299 1240 488 1305 Varronis
513 1239 597 1324 apud
620 1238 784 1304 Romanos
809 1244 879 1303 erat
907 1239 1097 1325 auctoritas,
1126 1245 1164 1305 ut
1191 1241 1234 1307 ab
1257 1241 1315 1307 ho·

166 1348 307 1412 minibus
339 1350 415 1430 post
446 1346 734 1437 ipsum-inprimis
768 1345 896 1410 fabulae
926 1345 1197 1413 Varronianae
1230 1370 1314 1435 qnae

166 1455 315 1520 dicuntur
346 1455 545 1539 legerentur,
576 1456 850 1539 propagarentur,
887 1453 1133 1540 explicarenter,
1166 1455 1313 1541 reliquae

167 1583 243 1626 mox
265 1559 432 1625 oblivione
456 1560 675 1624 obruerentur.
708 1557 793 1623 Nam
808 1564 903 1625 -ut
924 1563 1050 1626 taceam
1074 1561 1114 1626 de
1137 1563 1257 1627 ueteris
1271 1598 1316 1609 -
1372 1612 1381 1629 .

166 1689 270 1752 neque
294 1664 464 1732 Gellium
489 1667 590 1731 ullam
613 1689 651 1731 ex
675 1666 721 1730 eis
752 1667 927 1753 evolvisse,
949 1690 1052 1754 neque
1074 1667 1218 1734 lulium
1243 1668 1316 1737 Ro·

165 1796 328 1858 manum,
348 1795 452 1857 neque
471 1772 515 1838 M.
534 1772 734 1837 Aurelium
754 1773 992 1859 imperatorem,
1011 1797 1209 1862 quamquam
1234 1798 1315 1843 non·

164 1880 262 1945 nullis
287 1881 333 1945 ita
355 1880 460 1944 vis'um
483 1883 542 1964 est,
560 1879 726 1944 existimo:
749 1880 849 1945 immo
874 1902 1134 1966 quaecumque
1156 1886 1317 1949 exstant

169 1988 340 2052 frustula
364 1986 584 2051 fabularum
607 1992 761 2070 praeter
780 1985 1061 2073 Varronianus,
1083 1988 1199 2073 primi
1224 1992 1315 2055 ante

165 2091 366 2160 Christum
410 2096 448 2157 et
484 2093 600 2177 primi
637 2098 727 2177 post
763 2092 959 2159 Christum
996 2098 1126 2160 natum
1163 2097 1316 2162 saeculi

165 2200 432 2286 grammaticis
466 2199 596 2276 ¹deberi
624 2200 774 2264 arbitror.
820 2199 913 2276 Quod
937 2222 993 2265 cur
1020 2200 1173 2287 arbitrer,
1196 2224 1238 2269 ex
1267 2203 1315 2267 eis

167 2330 248 2393 quae
272 2312 446 2392 sequentur
469 2308 548 2371 satis
572 2307 707 2391 patebit.
872 2382 875 2389 .

256 2416 330 2497 52.
375 2415 509 2479 Praeter
532 2436 587 2478 eos
611 2414 665 2498 qui
695 2413 843 2478 indices
872 2413 1071 2499 scripserunt
1098 2415 1317 2499 glossema·

163 2525 320 2605 tumque
343 2522 557 2606 scriptores
586 2524 618 2585 et
646 2521 782 2586 doctos
810 2521 1122 2606 glossographus
1144 2518 1200 2608 (de
1223 2529 1317 2589 utro-

164 2650 226 2712 que
260 2628 455 2712 sariptorum
487 2649 603 2714 genere
641 2627 681 2692 cf.
709 2649 790 2711 quae
815 2628 958 2711 ‘exposui
989 2626 1149 2723 Ind3len
1172 2651 1201 2694 a.
1229 2630 1317 2696 1886
1335 2654 1349 2679 ·

162 2733 297 2819 p.qu.:
318 2734 526 2800 Charisius
546 2758 573 2818 p.
586 2734 743 2816 24210..
759 2739 811 2798 ‚ut
830 2735 986 2817 leplessis
998 2734 1316 2821 ueterum=fragm

165 2842 225 2904 inc.
250 2863 278 2905 v.
299 2839 365 2925 ol),
391 2845 520 2926 praeter
543 2841 648 2924 ipsum
674 2841 809 2925 denique
834 2839 1077 2927 Varronem¹)
1103 2841 1172 2926 (qui
1202 2846 1316 2908 tamen

162 2968 203 3009 ne
227 2946 296 3029 ipse
320 2948 449 3031 quidem
473 2947 644 3012 thesauros
668 2947 953 3032 glossograpbicos
980 2945 1139 3033 neglexit)
1162 2945 1316 3033 inp'rimis

162 3051 328 3116 Verrius
347 3052 508 3118 Flaccus
523 3054 822 3118 commemorandus
839 3058 898 3137 est,
913 3054 977 3138 qui,
993 3054 1053 3118 etsi
1067 3054 1263 3133 Varronis
1282 3062 1318 3121 et

164 3157 301 3223 aliorum
322 3161 607 3244 grammaticorum
634 3160 726 3225 libris
746 3182 821 3224 usus
842 3165 892 3224 est
910 3159 1123 3247 (quamquam
1147 3160 1252 3227 libros
1276 3162 1317 3228 de

163 3266 183 3329 l.
198 3265 217 3329 l.
233 3287 297 3330 non
313 3267 437 3331 videtur
452 3268 615 3352 attigisse:
635 3267 675 3331 cf.
690 3290 771 3351 quae
786 3272 862 3351 post
880 3267 962 3331 alios
982 3266 1020 3331 de
1039 3266 1101 3332 hac
1120 3254 1316 3352 quaestion⁰e

162 3374 295 3456 exposui
319 3373 388 3436 lud.
413 3373 477 3439 len.
502 3397 529 3438 a.
552 3374 676 3459 188617
712 3397 742 3458 p.
762 3373 808 3438 IV
824 3371 900 3460 sq),
932 3396 989 3439 cur
1020 3374 1093 3458 ipsa
1125 3374 1317 3440 fabularum

164 3480 359 3567 exemplaria
386 3502 451 3545 nou
481 3480 666 3545 adhibuisse
696 3480 786 3564 operi
815 3504 874 3544 suo
908 3481 1055 3544 credatur
1081 3502 1150 3545 non
1172 3480 1318 3547 invenio.

162 3585 233 3662 Quo
266 3586 305 3650 de
337 3589 494 3671 scriptore
525 3591 611 3651 recte
648 3587 874 3652 Lalnonrflvs
915 3584 1054 3673 (Comm.
1087 3587 1154 3652 len.
1188 3588 1255 3654 vol.
1283 3588 1319 3654 ll

161 3717 190 3776 p.
208 3692 286 3778 203)
311 3693 391 3757 haec
414 3695 575 3778 exposuit:
599 3693 772 3778 ‘Reliquae
797 3716 878 3779 quae
902 3695 1112 3759 nominantur
1134 3694 1199 3759 hae
1224 3700 1342 3767 suutz,

164 3801 332 3882 Artemo,
356 3798 542 3883 Astraba,
571 3799 825 3882 Carbonaria,
855 3798 1098 3886 Condalium,
1127 3798 1320 3869 Cornicu-

162 3905 274 3989 laria,
310 3906 518 3991 Dyscolus,
555 3906 795 3991 Feneratrix‚
832 3906 1067 3993 Friuolaria,
1100 3906 1320 3995 Hortalus,

163 4009 333 4076 Lenones
366 4014 521 4097 gemini,
555 4013 804 4098 Neruolaria,
838 4013 1040 4079 Parasitus
1074 4013 1201 4100 piger,
1242 4012 1316 4081 Sa-

159 4110 274 4202 turio,
304 4116 585 4205 Sitellitergus.
630 4120 736 4195 Quare
766 4121 792 4184 si
821 4124 1008 4203 reputamus
1041 4120 1128 4205 apud
1165 4118 1314 4189 Paulum

256 4361 280 4422 1)
300 4356 383 4411 Cuius
399 4358 485 4411 libros
500 4357 718 4425 haudquaquam
734 4359 895 4412 mendorum
907 4359 1044 4413 immunes
1054 4356 1142 4413 luisse
1152 4357 1322 4419 anvs
1383 4416 1385 4433 ,

167 4433 265 4488 ‘Baitia
286 4455 333 4490 zur
352 4438 399 4493 lut.
421 4438 552 4492 Gramm'
572 4455 599 4507 p.
616 4444 665 4493 157
679 4456 738 4507 sqq.
758 4440 834 4494 recte
852 4438 970 4494 monuit.
