2956 5678
584 701 844 761 armadouaua
1222 703 1285 768 193

140 866 206 933 Sed
228 867 358 932 etiamsi
377 866 495 932 Probi
519 867 599 934 baec
623 872 739 952 essent,
758 869 865 934 nescio
887 891 929 934 an
949 891 968 933 a
987 868 1126 934 Verrio
1146 868 1284 935 Flacco

139 974 208 1059 peti
230 974 405 1059 potuerint,
429 997 523 1059 quem
547 976 586 1040 de
611 974 767 1041 ‘astraba'
791 978 897 1059 egisse
924 978 943 1041 l.
963 998 988 1041 s.
1008 998 1033 1040 s.
1057 976 1286 1042 demonstravi.

92 1086 102 1101 ‘
180 1122 188 1135 -
229 1083 299 1162 §4-
329 1079 496 1147 Gellium
514 1081 651 1169 fabulas,
669 1106 751 1169 quas
766 1105 800 1148 se
819 1084 938 1168 legisse
961 1084 1070 1167 iactat,
1089 1104 1201 1148 revera
1219 1106 1284 1149 non

140 1187 273 1273 legisse,
291 1188 346 1253 sed
366 1211 448 1274 quae
471 1188 572 1254 habet
590 1190 821 1255 vetustioribus
845 1189 1055 1274 scriptoribus
1079 1189 1194 1254 debere
1214 1212 1285 1274 pro·

138 1294 243 1359 babili
265 1295 361 1360 modo
379 1293 574 1362 Wluruavs
597 1287 641 1380 (ρ’.
655 1297 677 1361 4
692 1295 753 1383 sq.)
777 1298 904 1361 videtur
928 1298 1089 1362 statuisse.
1123 1296 1174 1360 Ex
1190 1295 1285 1362 Var-

139 1423 235 1467 rone
256 1403 387 1486 repetiti
416 1406 492 1467 sunt
519 1425 630 1468 versus
654 1403 761 1468 Preti
788 1410 821 1469 et
845 1404 1044 1482 Boeotiae,
1068 1408 1140 1467 utut
1163 1404 1202 1469 de
1225 1404 1284 1468 dif-

138 1488 285 1573 ficultate
307 1507 465 1575 iudicabis
488 1532 585 1595 quam
609 1508 750 1575 ‘solaria'
774 1516 900 1593 creant,
925 1532 963 1574 ex
988 1508 1161 1575 Varrone
1184 1512 1284 1575 etiam

119 1614 395 1681 'Narrolariae
419 1638 541 1700 versus,
560 1617 707 1702 quamvis
727 1619 759 1681 in
783 1617 876 1682 libris
895 1618 934 1680 de
953 1618 972 1681 l.
993 1618 1012 1706 Ι,
1031 1614 1284 1683 Cistellariae

139 1722 325 1787 continuari
344 1723 491 1788 videatur
509 1719 564 1811 (cf.
579 1745 661 1808 quae
685 1747 715 1807 p.
733 1725 791 1789 181
819 1725 857 1788 de
881 1725 943 1813 hec
964 1746 999 1789 re
1023 1720 1196 1810 congessi).
1235 1725 1284 1788 Ad

137 1829 248 1895 locum
279 1830 333 1914 qui
365 1834 415 1893 est
438 1829 550 1895 XVlll
576 1832 630 1914 12,
654 1832 674 1897 3
699 1832 775 1895 aa
806 1832 983 1914 pertinent,
1007 1852 1087 1915 quae
1118 1831 1214 1896 modo
1246 1832 1284 1894 de
1357 1894 1360 1901 ,
1468 1820 1475 1827 ’

137 1933 269 2000 Plinio
293 1940 325 1999 et
344 1936 469 2002 Probo
493 1937 574 2020 dixi3
597 1939 674 2001 item
700 1937 739 2002 ad
762 1937 904 2021 V19,7.
941 1936 1033 2013 Quod
1057 1938 1216 2023 reliquum
1236 1943 1286 2002 est

134 2041 359 2127 fragmentum
378 2042 424 2108 XI
444 2045 473 2125 7,
492 2045 513 2108 5
532 2067 570 2108 ex
595 2045 906 2130 glossographorum
925 2044 1010 2109 libro
1036 2045 1144 2110 nescio
1164 2040 1283 2130 quo—

135 2147 229 2212 velut
247 2170 265 2213 e
279 2147 417 2216 Verrio
436 2150 633 2216 Flacco-
649 2153 785 2237 petitum
801 2174 870 2216 esse
888 2175 954 2217 non
974 2152 1187 2236 improbabile
1201 2153 1286 2218 vide·

135 2259 195 2319 tur
219 2251 273 2342 (cf.
291 2253 360 2322 lnd.
378 2255 446 2321 len.
465 2261 544 2321 aest.
570 2258 654 2322 1893
675 2281 704 2341 p.
717 2254 772 2342 V).
811 2257 870 2321 His
896 2257 975 2321 adde
999 2278 1080 2340 qua-e
1104 2259 1143 2322 de
1164 2257 1284 2323 Gellii

135 2362 203 2428 fide
224 2368 300 2448 post
319 2362 559 2430 Mnacsumvu
583 2364 732 2447 exposuit
751 2362 1034 2429 Kanrscnunnvs
1056 2363 1109 2452 (de
1129 2367 1168 2429 A.
1187 2364 1284 2430 Gellii

135 2468 311 2557 fontibus),
334 2471 450 2555 quibus
473 2476 585 2535 tamen
608 2472 728 2534 abusus
752 2476 802 2535 est
826 2470 979 2535 Buculvs
1000 2473 1019 2533 Ι.
1035 2494 1059 2534 s.
1075 2494 1099 2535 s.
1142 2471 1225 2535 Nam
1250 2477 1286 2536 ut

135 2575 236 2641 facile
260 2577 478 2664 credipotest
505 2574 673 2642 Gellium
707 2599 770 2662 quo
804 2578 939 2641 lectores
970 2582 1100 2661 caperet
1127 2577 1284 2661 lepidulas

62 2712 65 2719 ·
136 2683 380 2749 occasiunculas
395 2685 512 2769 quibus
528 2707 609 2769 quae
624 2685 750 2768 profert
763 2684 894 2749 deberet
908 2684 1151 2767 excogitavisse‚
1167 2685 1214 2747 ita
1229 2706 1286 2749 cur

136 2789 266 2856 Probo
284 2791 436 2856 tribuerit
455 2814 492 2855 ex
514 2790 641 2855 Plinio
667 2792 770 2876 petita
788 2792 878 2855 nulla
896 2792 980 2854 ratio
1000 2791 1034 2853 iu
1053 2795 1207 2875 promptu
1226 2795 1285 2855 est.

230 2897 366 2963 Flavio
404 2897 542 2983 Capro,
580 2900 619 2962 de
656 2900 744 2963 cuius
782 2899 910 2981 seriptis
947 2903 1096 2962 accurate
1133 2898 1285 2962 disseruit

138 3005 379 3071 Gonorannvs
401 3006 488 3069 Knm
508 3029 535 3070 a.
552 3006 637 3070 1889
653 3003 710 3091 (=
727 3005 854 3069 dissert.
869 3004 942 3068 Hal.
959 3006 1021 3068 vol.
1034 3005 1064 3068 X
1079 3027 1108 3087 p.
1120 3002 1286 3088 243sqq.),

137 3119 252 3196 aperte
266 3112 421 3178 adscribit
435 3111 677 3177 Friuolariae
691 3134 820 3177 versum
840 3135 937 3176 uuum
953 3112 1136 3176 Priscianus
1154 3111 1169 3174 Ι
1185 3110 1235 3197 (G.
1250 3111 1283 3175 L.

136 3217 187 3307 ΙΙ)
195 3221 310 3305 p.188:
326 3220 428 3284 eidem
444 3217 785 3309 Commorientium
802 3204 926 3283 versuin
943 3217 978 3304 (a
993 3218 1157 3282 l'riscieno
1169 3217 1284 3299 I[G.L.
1388 3293 1393 3303 ‚

137 3326 187 3407 II]
205 3349 233 3410 p.
245 3327 321 3409 280,
333 3328 374 3391 15
393 3325 541 3409 allatum)
556 3327 676 3391 collato
697 3325 846 3391 Charisio
873 3350 900 3409 p.
912 3326 963 3408 88,
976 3328 1014 3390 ll
1032 3331 1065 3390 et
1082 3327 1153 3406 120,
1170 3327 1211 3390 14
1230 3326 1286 3389 dat

142 3434 451 3518 eraavsp.12.
481 3434 602 3499 Eodem
624 3435 694 3498 loco
709 3433 902 3498 Wluraavs
924 3432 1084 3516 Caprum
1107 3433 1283 3497 doctrinam

138 3540 272 3620 Probi,
290 3542 380 3606 cuius
400 3542 539 3625 vestigia
563 3541 646 3624 apud
672 3540 872 3604 Priscianum
894 3539 907 3603 I
933 3539 983 3623 (G.
998 3532 1033 3603 L.
1048 3539 1095 3623 ΙΙ)
1111 3564 1141 3622 p.
1156 3540 1283 3622 489,17

137 3643 227 3734 (Par.
246 3647 328 3711 med.
344 3648 405 3711 IV:
431 3649 468 3712 cf.
493 3647 597 3713 Diom.
618 3671 647 3732 p.
667 3649 741 3729 373,
765 3648 924 3730 17-374,
943 3643 979 3732 2)
1009 3653 1164 3726 extarent,
1188 3669 1284 3728 porro
1406 3636 1410 3641 ⁵

137 3753 301 3839 Lipargi
321 3755 427 3819 locum
447 3755 532 3838 apud
548 3754 746 3818 Priscianum
765 3752 781 3816 Ι
802 3753 852 3836 (G.
865 3753 897 3817 L.
908 3752 955 3838 ΙΙ)
971 3777 999 3836 p.
1012 3755 1085 3835 522,
1094 3753 1134 3816 14
1149 3759 1180 3815 et
1195 3751 1284 3816 Car-

138 3861 326 3925 bonariae
359 3861 576 3945 fragmentum
607 3858 755 3944 (Priscl
785 3859 890 3940 [111.
910 3859 956 3939 II]
980 3882 1010 3942 p.
1030 3860 1104 3939 516,
1126 3856 1181 3941 11)
1214 3881 1284 3941 pro-

137 3986 279 4051 pagasse
316 3988 380 4030 non
418 3965 678 4050 improbabiliter
716 3966 860 4030 coniecit.
911 3965 960 4029 Ex
989 3964 1112 4048 Capro
1151 3965 1284 4048 denique
1322 4028 1329 4039 ,

136 4071 282 4137 Iulium
316 4073 539 4157 Romanum,
571 4072 758 4156 Servium,
791 4072 956 4137 Nonium
999 4072 1102 4135 multa
1138 4071 1285 4135 hausisse

136 4180 229 4245 infra
260 4181 501 4246 memorabitur.
547 4182 639 4264 lpsas
667 4181 795 4245 fabulas
825 4179 987 4262 Capram
1021 4179 1198 4260 inspexisse
1233 4178 1284 4240 vix

136 4288 283 4353 credam:
308 4288 468 4373 excerpsit
495 4311 561 4353 non
589 4288 684 4353 modo
709 4288 823 4351 Probi
842 4273 903 4350 'aut
928 4287 1044 4349 Plinii
1073 4285 1206 4367 scripta,
1231 4285 1284 4348 sed

135 4396 240 4460 etiam
264 4396 411 4479 aliorum,
429 4401 466 4460 ut
484 4395 637 4460 Tironis
662 4400 695 4458 et
719 4394 845 4458 Verrii
871 4393 1005 4456 Flacci.

231 4501 562 4568 Commentatores
597 4503 726 4566 Plauti
757 4501 812 4585 qui
842 4500 979 4564 secundo
1009 4499 1185 4562 floruerunt
1218 4523 1284 4563 sae·

133 4612 213 4677 culo
243 4615 350 4674 utrum
376 4610 508 4703 Plauti
537 4610 664 4674 fabulas
693 4614 823 4693 praeter
846 4606 1112 4670 Varronianus
1141 4607 1284 4688 inspexe-

10 4756 12 4793 ε
132 4719 207 4785 rint
239 4740 339 4783 necne
370 4718 432 4782 dici
460 4720 585 4802 nequit:
613 4739 717 4800 neque
745 4716 850 4800 magis
879 4735 1039 4797 numquae
1068 4713 1285 4796 fragmenta

10 4806 13 4903 i
132 4825 356 4892 Plautina
393 4825 466 4889 inde
504 4825 544 4888 ad
582 4830 730 4906 posteros
764 4829 944 4905 propagata.
978 4822 1055 4900 sint,
1090 4842 1284 4902 quamquam

192 4942 288 4981 Puvrr
303 4939 464 4979 Orarsnnaara
1041 4933 1072 4977 13
