2956 5678
564 723 825 780 EPILEGOMENA
1206 728 1264 793 [97

114 910 158 952 ea
180 909 263 972 quae
284 910 324 953 cx
348 885 474 972 Oapro
490 888 659 963 fluxerunt
681 888 882 972 respicienda
906 895 982 954 sunt
1006 913 1087 975 quae
1111 914 1149 956 cx
1175 891 1263 957 Sue-

114 995 228 1061 tonio
259 994 459 1078 transcripta
486 1014 556 1058 esse
581 993 730 1058 videntur
753 993 807 1080 (cf.
831 993 851 1082 ξ
875 995 921 1079 2).
966 997 1015 1061 De
1046 997 1149 1062 altero
1178 998 1263 1085 frag-

115 1107 231 1168 manto
255 1099 467 1189 (Friuolariae
486 1099 577 1164 11=
593 1099 629 1165 G.
648 1100 682 1166 L.
698 1101 730 1166 II
750 1124 778 1185 p.
794 1104 868 1187 271,
888 1105 938 1186 2),
961 1105 1046 1189 quod
1070 1101 1263 1172 Wm'rlmvs

114 1231 150 1293 p.
169 1210 212 1275 13
235 1208 276 1273 ad
301 1209 421 1272 librum
446 1205 496 1271 ‘de
520 1207 608 1272 ritiis
632 1204 869 1292 corporalibus’
893 1211 1033 1295 rettulit,
1056 1231 1107 1274 res
1131 1211 1263 1276 incerta.

207 1317 278 1396 §7-
310 1314 489 1381 Isidorus
514 1335 568 1380 sex
592 1315 778 1400 fragmenta
801 1317 952 1410 servavit,
975 1340 1072 1382 unum
1098 1339 1171 1383 cum
1191 1320 1263 1383 aliis

10 1460 22 1479 ·
113 1422 192 1510 (inc.
201 1421 369 1506 LXVIII),
383 1421 524 1506 quinqua
539 1422 628 1487 solus
643 1419 719 1509 (ina
733 1421 1122 1511 LXXVIII—LXXXH).
1152 1425 1263 1521 Expis
1301 1458 1312 1479 ·

115 1552 201 1616 quae
231 1530 320 1596 solus
343 1529 486 1594 servavit
516 1551 616 1594 unum
645 1535 695 1594 est
723 1551 786 1613 quo
813 1529 960 1597 Placidi
990 1534 1098 1617 glossa
1125 1536 1263 1618 spectet:

111 1638 229 1724 itaque
254 1637 307 1702 rix
329 1636 470 1702 dubitari
494 1639 613 1720 potest,
636 1637 713 1720 quin
738 1637 778 1701 ad
802 1643 968 1704 vetustum
992 1643 1025 1703 et
1049 1638 1168 1704 bonum
1193 1640 1261 1705 ion·

111 1749 182 1809 tem
206 1744 317 1811 redeat
340 1743 425 1828 quod
448 1743 494 1808 ibi
518 1744 639 1828 legitur
661 1740 716 1829 (cf.
735 1743 878 1809 Paulus
902 1769 931 1830 p.
947 1746 999 1830 39,
1014 1744 1059 1830 3).
1098 1745 1178 1812 (lum
1202 1749 1263 1812 ino.

110 1851 301 1937 fragmento
325 1849 458 1915 LXXIX
482 1847 608 1915 Servii
632 1849 738 1914 locum
762 1848 817 1935 (ad
841 1849 958 1936 Georg.
982 1851 997 1915 l
1023 1853 1097 1936 141)
1125 1855 1264 1918 contulit
1350 1876 1357 1887 ·

11 2028 20 2039 ,
112 1956 242 2024 'Porto
259 1956 310 2022 Ex
324 1957 464 2041 quinque
479 1957 543 2021 illis
559 1957 639 2022 locis
655 1977 726 2022 cum
743 1962 895 2041 quattuor
910 1980 947 2022 ex
963 1959 1053 2023 libris
1068 1957 1146 2023 XIX
1159 1965 1192 2024 et
1202 1960 1260 2025 XX

114 2064 216 2151 petiti
240 2066 318 2147 sint,
341 2086 477 2148 cumque
500 2063 563 2128 duo
593 2065 854 2128 instrumenta
878 2070 1033 2148 tractent,
1056 2068 1119 2130 duo
1142 2069 1262 2132 vesti·

111 2175 258 2254 manta,
280 2172 320 2236 de
344 2170 542 2236 Suetonio
560 2171 647 2235 haud
675 2174 797 2235 temere
825 2172 984 2256 cogitabis
1013 2168 1260 2257 (1181111111-
1353 2234 1359 2243 .

112 2295 303 2345 sollumlvs
326 2301 355 2363 p.
375 2276 546 2362 mosqqt
593 2278 641 2342 De
670 2278 857 2361 fragmento
886 2301 924 2342 ex
953 2280 1067 2362 quinto
1092 2280 1261 2364 Originum

111 2386 202 2451 libro
224 2385 394 2469 desumpto
417 2384 457 2449 cf.
475 2384 600 2448 Paulus
624 2407 655 2468 p.
673 2384 780 2463 114,8
805 2389 838 2448 et
858 2385 930 2467 110,
940 2386 982 2449 22
1002 2381 1097 2469 (adde
1119 2386 1260 2450 eiusdem

110 2491 262 2558 Isidori
282 2490 412 2576 Orig.X
424 2486 511 2578 149).
544 2491 593 2563 Dc
612 2490 796 2575 fragmento
816 2491 900 2575 quod
926 2496 1032 2555 exstat
1050 2491 1261 2575 Orig.136,9

111 2599 157 2666 ci.
187 2620 270 2684 quae
302 2598 383 2663 dixit
415 2597 729 2663 Lasuunanmmvs
763 2599 783 2662 l.
810 2620 833 2662 s.
858 2621 882 2663 s.
910 2621 939 2682 p.
954 2598 1033 2664 348:
1063 2597 1142 2660 adda
1180 2618 1261 2680 quac

111 2727 215 2789 supra
238 2727 269 2789 p.
289 2705 353 2770 196
376 2703 621 2785 adnotavimus.

205 2811 591 2894 Pseudophiloxenus
625 2811 687 2874 duo
720 2811 905 2894 fragmenta
933 2811 1046 2892 habet,
1063 2832 1111 2892 ‚cx
1143 2811 1259 2894 quibus

110 2920 255 2984 alterum
288 2918 339 2983 bis
369 2917 517 2982 traditur.
564 2917 723 3000 Tertium,
757 2917 842 2999 quod
876 2918 1066 3002 fragmentis
1100 2916 1261 2980 Plautinis

111 3026 234 3090 adiecit
255 3023 458 3090 ancamvs
482 3026 515 3088 in
540 3024 636 3089 Notis
661 3024 701 3087 ad
727 3024 931 3108 Pseudophil.
954 3048 984 3109 p.
1003 3026 1033 3104 4,
1058 3024 1260 3088 abiciendum
1290 3080 1298 3091 .

111 3137 176 3198 cst
211 3130 274 3195 Pro
294 3153 332 3196 eo
352 3133 436 3195 enim
455 3132 539 3214 quod
556 3131 762 3196 sinamuvs
778 3131 1018 3214 exprimendum
1034 3130 1159 3195 curavit
1175 3129 1261 3194 ‘Ad-

108 3239 215 3302 fatio
238 3236 402 3319 ἐπίλογος,
425 3234 603 3321 πρόφασις,
625 3241 839 3322 προσομιλία,
858 3232 1104 3327 ὡςήπλούσιοᾷ
1125 3237 1257 3301 anon·

109 3362 196 3411 vas
221 3339 282 3422 ‘aig
301 3344 472 3421 iliadem?
496 3347 679 3429 proposuit:
705 3367 787 3428 quae
807 3347 991 3410 coniectura
1010 3367 1095 3409 nova
1120 3346 1261 3409 editione

109 3449 165 3538 (G.
185 3451 221 3516 G.
244 3451 279 3516 L.
302 3450 334 3514 Il
358 3475 387 3536 p.
409 3453 437 3534 7,
456 3453 476 3515 8
493 3448 554 3536 sq.)
578 3451 673 3515 facile
699 3451 866 3516 refutatur.
914 3450 999 3515 Nam
1029 3475 1073 3527 ως
1101 3456 1262 3526 πλουσιος

111 3558 245 3623 litterae
269 3559 308 3623 ad
333 3558 575 3622 antecedentem
605 3559 747 3642 glossam
775 3558 961 3622 referendae
990 3563 1065 3622 sunt
1094 3558 1260 3642 (ἐκτενῶς,

108 3664 309 3748 novatam:
340 3665 457 3750 quibus
486 3666 641 3747 expositis
670 3688 735 3729 non
765 3671 814 3728 est
842 3688 897 3728 cur
926 3665 1062 3729 aliorum
1093 3667 1261 3729 conamina

111 3792 323 3856 percenseam
356 3769 411 3858 (cf.
441 3772 611 3837 KLlevs
644 3772 726 3836 Mus.
756 3771 856 3836 Rhen.
890 3773 952 3836 vol.
978 3771 1083 3835 XXlV
1117 3795 1143 3834 a.
1176 3773 1259 3836 1869

108 3903 143 3964 p.
164 3877 315 3966 295111).
361 3877 512 3945 Ueterum
537 3884 701 3943 auctorem
730 3880 878 3963 glossarii
908 3880 986 3943 haec
1015 3880 1198 3960 fragmenta
1222 3900 1260 3939 ex

108 3986 230 4051 Festo
254 3986 432 4071 sumpsisse
455 3992 488 4051 et
512 3987 590 4050 olim
616 3986 735 4050 conieci
757 3984 839 4069 (lud.
860 3986 924 4050 len.
944 3984 1114 4066 a.1885s6
1139 4006 1168 4066 p.
1181 3980 1258 4068 Vll)

108 4099 146 4158 et
179 4092 402 4160 DAMMANNVS
435 4093 455 4157 l.
475 4114 498 4156 s.
519 4116 543 4157 s.
577 4093 788 4174 confirmavit.
834 4092 925 4156 luter
958 4093 1084 4177 glossas
1120 4090 1260 4155 Pseudo·

107 4200 279 4286 philoxeni
308 4201 406 4264 etiam
436 4202 517 4264 alias
542 4221 611 4263 esse
636 4222 717 4283 quac
741 4200 780 4263 ad
804 4200 988 4284 fragmenta
1014 4199 1120 4261 Plauti
1150 4198 1258 4281 deper-

109 4308 187 4373 dita
210 4308 353 4371 revocari
376 4308 504 4390 possint
527 4307 654 4371 facilius
678 4306 817 4370 canicies
841 4329 935 4390 quam
961 4304 1208 4370 demonstrabis.

204 4413 416 4480 Osbernum
460 4436 542 4498 qnae
586 4414 716 4477 exhibet
752 4413 941 4497 fragmenta.
973 4435 1009 4474 ex
1047 4411 1259 4496 Macrobi00

107 4523 334 4601 Prisciano,
357 4522 478 4586 Paulo
494 4522 699 4604 exscripsisse
714 4521 777 4584 iam
794 4520 958 4585 Lonwivs
974 4519 1084 4582 Prodi.
1099 4541 1128 4601 p.
1140 4519 1258 4602 254sq.

106 4629 272 4714 exposuit.
320 4628 392 4693 Duo
422 4634 530 4693 tamen
561 4625 776 4711 ‘fragmenta'
806 4628 895 4691 solus
929 4630 1040 4690 auctor
1069 4625 1259 4689 Panormiae

104 4737 269 4818 servavit,
297 4758 379 4819 quae
414 4735 490 4799 mihi
525 4735 695 4799 admodum
726 4739 874 4818 suspecta
904 4755 972 4796 esse
1007 4734 1164 4797 videntur.
1212 4732 1276 4797 De‘

104 4843 293 4930 posteriore
325 4844 363 4909 cf.
388 4842 455 4906 lnd.
479 4841 544 4906 len.
578 4867 605 4906 a.
634 4843 760 4924 meost
789 4841 885 4925 p.lll
907 4864 966 4924 sq.,
1001 4841 1054 4903 ubi
1089 4840 1140 4903 vix
1173 4843 1259 4902 recte
