2956 5678
168 330 231 392 154
648 327 833 383 APPENDIX
1180 336 1312 386 les-les

165 492 274 546 studuit
292 492 492 560 computatione
509 491 542 545 de
560 491 587 543 A
606 490 751 556 instituta,
770 506 852 559 mean
870 491 1004 558 reliquiae
1021 492 1185 546 accuratius
1202 493 1312 563 indapa

167 576 210 625 tae
227 572 396 638 refutarunt.
433 571 515 625 Recte
533 576 621 624 autem
641 571 762 625 Briseius
785 571 888 640 aliique
906 571 1072 626 Peniculum
1089 575 1182 641 ipsum
1199 574 1243 626 bis
1258 589 1310 626 ccr-

168 652 209 705 bis
227 668 283 706 non
301 653 396 720 mapni
413 652 502 718 facere
520 651 616 705 Erotii
633 651 790 720 superbiam
812 656 995 719 sumpserunt.
1032 650 1158 706 Ceterum
1176 653 1246 707 elias
1259 670 1308 722 pro

165 731 228 785 aliis
247 732 378 800 Scaliper.
416 732 459 786 De
477 733 554 785 exitu
577 749 600 786 6.
623 736 672 785 184
693 730 789 799 ‘praua
806 731 944 785 Beclcerus
963 730 1073 800 Qrmest.
1089 749 1119 802 p.
1141 738 1178 788 13
1195 735 1307 787 iudicat:

166 817 235 866 recte
253 813 466 881 Karnpmannus
484 814 564 866 dere
582 813 659 867 milit.
678 828 707 879 p.
726 811 766 866 9’.

258 897 372 962 186666.
397 892 493 947 Versui
511 898 566 947 185
585 893 606 945 P
622 907 744 962 praescr.
768 890 912 945 Bentleius
935 907 988 960 qno
1006 893 1096 946 nescio
1115 909 1155 945 an
1171 892 1251 946 acrba
1265 893 1301 945 in·

166 974 305 1043 seqruntia
325 973 419 1041 potius
442 974 610 1040 spectaverit.
648 973 722 1040 Ergo
746 970 795 1024 isti
818 988 852 1025 sc
877 971 917 1025 mi
943 970 1026 1024 hodie
1045 972 1207 1027 Acidalius:
1227 973 1300 1037 sill

167 1053 204 1107 N.
223 1070 279 1107 cuc.
298 1053 343 1106 Pl.
364 1053 384 1104 Ι
397 1070 428 1121 p.
447 1058 481 1106 91
503 1053 562 1120 (ubi
580 1054 614 1107 de
631 1053 691 1122 Ego
710 1051 774 1105 istic
794 1051 833 1103 mi
851 1050 955 1105 hodicd
974 1053 1095 1120 capital).
1111 1083 1144 1092 -
1160 1052 1235 1106 Ideni
1243 1054 1298 1105 Aci·

166 1133 260 1186 dalius
277 1131 373 1185 iussim
393 1134 443 1200 (sic
463 1130 502 1202 11)
520 1134 562 1188 661
579 1131 673 1196 iusso,
691 1130 811 1185 Brixius
829 1149 854 1184 a.
876 1135 948 1185 1847
963 1131 1131 1204 6181616
1150 1132 1187 1186 eis
1203 1134 1294 1200 (cetero

166 1213 214 1281 qui
233 1228 294 1264 cum
313 1212 443 1266 Acidalio
466 1214 596 1281 1661666).Ι
619 1213 653 1278 cf.
675 1212 820 1265 Cramerus
842 1212 875 1266 de
893 1213 965 1280 perf.
991 1213 1062 1266 coni.
1081 1228 1136 1266 usu
1150 1211 1292 1281 patented

168 1291 320 1359 Marburpi
339 1309 362 1345 a.
384 1298 458 1346 1886
474 1310 503 1360 p.
523 1298 567 1347 10.
605 1292 713 1345 Deinde
731 1291 879 1358 prandium
895 1291 1027 1360 Scalipcr,
1045 1291 1199 1347 Salmasius
1215 1294 1251 1359 (ct
1264 1291 1290 1356 cs.

167 1371 332 1425 Ribbeclu'ns
347 1389 376 1439 p.
392 1373 514 1440 63166),
533 1373 582 1425 ubi
599 1369 732 1439 proilium
751 1378 860 1426 auctore
880 1373 990 1426 Murrio
1010 1372 1075 1427 Var.
1093 1373 1128 1426 L.
1145 1373 1189 1427 VI
1196 1378 1211 1427 4
1222 1373 1287 1426 lan·

166 1452 261 1517 binus,
279 1457 310 1503 ut
328 1468 352 1504 6.
374 1457 425 1505 186
449 1453 510 1519 (ubi
531 1469 582 1521 pro
604 1450 654 1504 llio
675 1449 860 1520 Camerarius)
884 1468 945 1506 uum
967 1453 1065 1507 iisdem
1083 1470 1117 1508 cu
1134 1454 1208 1508 libris
1224 1453 1285 1507 ciu-

166 1532 271 1597 conius,
293 1530 416 1598 Popmo,
436 1532 565 1599 Lipsius,
584 1532 636 1584 alii
659 1533 751 1599 (ctiam
771 1531 963 1586 Fleckeisenus
981 1533 1087 1586 Annal.
1103 1534 1194 1603 pbilol.
1212 1533 1286 1588 GVH

162 1627 192 1678 p.
203 1615 254 1663 411
267 1611 352 1679 adn).
389 1611 535 1666 Praeterea
554 1609 644 1665 Hodie
665 1610 923 1667 1116616666661.
943 1611 1069 1683 Pyladis.
1106 1612 1281 1668 Η66166116

167 1691 218 1743 ret.
244 1689 273 1743 in
301 1707 335 1745 66
354 1690 529 1745 Camerarius
554 1697 713 1746 corutrucns
738 1707 798 1745 cum
823 1693 1020 1760 superioribus.
1064 1692 1151 1747 Verba
1174 1693 1199 1746 io
1214 1707 1241 1746 66
1255 1719 1279 1730 -

167 1772 278 1824 noctem
298 1771 352 1824 sies
373 1772 504 1826 Peniculo
522 1772 659 1826 tribuebat
678 1774 753 1839 (port
771 1771 958 1838 Bentleiuml)
991 1771 1134 1841 Vssinpius
1150 1773 1280 1827 6666619616

166 1850 324 1918 Ribbeclcio,
342 1852 390 1920 qui
404 1851 572 1905 certabimus
583 1867 637 1920 pro
652 1849 820 1920 potabimus.
858 1853 896 1905 At
910 1853 1153 1922 quomodocumque
1164 1853 1231 1907 aerbo
1240 1854 1278 1904 cut

167 1934 330 2001 corripimus
348 1938 398 1985 aut
412 1931 605 1984 distribuimus
618 1948 702 2000 neque
716 1948 775 1985 cum
791 1932 917 2000 personis
935 1948 1020 2000 neque
1038 1948 1101 1986 cum
1117 1933 1211 2001 reliqua
1223 1945 1276 1985 uec

166 2029 219 2066 naa
236 2017 316 2081 parte
334 2016 495 2082 conpruunt.
536 2012 603 2064 Post
626 2017 723 2066 v.188
746 2013 916 2066 intercidisse
938 2027 1026 2064 unum
1049 2011 1191 2080 Lanpenns
1206 2012 1275 2078 putul,

166 2110 227 2147 cum
245 2108 344 2148 noram
361 2092 540 2146 recensionem
558 2093 622 2147 inde
640 2109 695 2146 ao.
715 2097 764 2147 189
784 2107 867 2160 usquc
885 2092 923 2146 ad
941 2109 964 2146 6.
982 2096 1101 2160 908666.
1120 2087 1274 2146 6161661166

165 2174 335 2242 nenbnryius
350 2191 379 2241 p.
399 2176 462 2240 5sq.
501 2173 540 2225 At
562 2172 711 2226 Peniculus
734 2189 795 2226 cum
817 2172 933 2225 salutern
956 2172 1135 2240 interruperit
1153 2175 1212 2225 recte
1229 2166 1273 2220 lic

166 2255 311 2308 naecbmns
329 2254 389 2323 ipso
407 2253 499 2306 statim
516 2269 540 2305 6.
565 2257 615 2306 188
634 2252 738 2306 salutat
756 2253 933 2306 meretricem:
951 2267 1045 2305 uersus
1063 2257 1150 2307 auten
1167 2250 1273 2304 181-188

167 2335 266 2389 rectius
288 2335 404 2400 sortasse
423 2334 510 2387 locum
528 2333 694 2400 parallelum
717 2331 828 2385 babebis
843 2336 956 2399 propter
975 2348 999 2385 a.
1018 2334 1076 2386 182
1084 2347 1120 2400 sq.
1140 2329 1272 2395 6466616166

167 2431 248 2484 arcam
272 2415 411 2467 scaenicae
435 2413 625 2466 retractationi
651 2412 765 2466 tribuas.
810 2410 896 2465 Versu
923 2415 972 2464 188
996 2410 1136 2478 desperato
1151 2404 1272 2472 ’16616616

166 2495 210 2547 661
228 2511 241 2548 6
259 2494 336 2548 codd.
351 2498 408 2546 ant.
424 2494 504 2558 affert
518 2492 644 2561 Pylades.
682 2491 743 2545 'l'ua
762 2491 831 2545 haec
851 2492 895 2543 661
913 2489 1002 2559 legio:
1021 2489 1177 2544 adiudicsto
1187 2487 1271 2541 Puer.

166 2572 207 2626 To
226 2576 276 2627 166
294 2590 327 2627 ex
347 2572 410 2640 lege
429 2572 480 2640 (Ex
499 2574 549 2624 166
566 2572 629 2640 legs
646 2571 808 2640 chpertns)
826 2569 989 2624 adiudiccbo
1001 2569 1143 2625 Gruterus.
1176 2567 1230 2622 Eum
1242 2562 1271 2614 le·

168 2670 231 2722 ges:
258 2655 288 2705 tu
315 2652 438 2707 iudicato
458 2653 487 2706 'R
513 2652 678 2705 dubitanter.
717 2650 778 2704 Tus
796 2649 850 2703 erit
868 2649 956 2719 legio:
981 2648 1106 2705 iudicato
1130 2641 1269 2719 Kayuul.

166 2751 187 2788 s.
207 2750 227 2787 s.
244 2751 273 2801 p.
293 2736 355 2786 419.
394 2733 470 2784 Τ666
490 2736 544 2785 est:
564 2729 653 2799 legito
670 2748 704 2784 ac
722 2730 845 2784 iudicato
870 2729 1008 2784 Valclenns
1029 2730 1106 2785 Mus.
1124 2728 1198 2783 Rben
1214 2719 1272 2777 XVI

163 2830 193 2880 p.
213 2817 276 2867 631.
314 2813 431 2865 Tuomst
455 2811 557 2880 eligere
581 2828 615 2864 66
640 2809 763 2863 iudicare
788 2810 950 2879 Wapnerus.
989 2808 1031 2862 Tu
1050 2808 1166 2879 relegite
1180 2799 1269 2862 uindi-

168 2893 230 2945 6616
255 2892 406 2959 Vssinpius.
445 2892 546 2945 Tuast:
575 2889 678 2959 legioni
701 2888 864 2943 adiudicare
883 2889 1056 2944 Ribbcclcius.
1077 2920 1109 2928 -
1129 2905 1184 2943 cum
1198 2883 1270 2938 616666

168 2970 197 3022 'R
215 2987 276 3023 cum
292 2969 473 3024 Fleckeiseno.
512 2987 574 3023 cum
595 2972 658 3024 utro
677 2971 709 3023 tu
728 2971 799 3025 idem
817 2971 889 3024 olim.
927 2986 991 3023 cum
1010 2970 1093 3023 utrod
1112 2965 1216 3023 16661.
1229 2976 1270 3014 wc·

168 3049 211 3102 Pl.
226 3051 245 3101 I
254 3067 283 3117 p.
296 3054 338 3104 64.
375 3054 406 3102 tu
425 3067 488 3103 cum
508 3052 571 3103 utro
587 3051 736 3121 Kapscrns.
765 3052 802 3116 16,
823 3066 885 3102 cum
904 3053 968 3103 utro
988 3050 1123 3105 Beclcerus
1140 3041 1270 3102 inSludm·

167 3128 245 3182 Stud.
268 3130 287 3182 I
298 3146 327 3197 p.
347 3133 401 3183 188
420 3130 484 3184 adn.
522 3132 562 3184 At
581 3136 691 3198 praeter
713 3131 819 3184 trintum
843 3133 931 3197 (quem
948 3130 1005 3195 fuit
1022 3130 1072 3198 aui
1093 3127 1178 3182 istunc
1196 3123 1272 3189 661110

165 3212 320 3280 retribueret)
338 3212 428 3280 ipsum
442 3228 593 3280 pronomen
612 3212 725 3278 offendit
739 3215 899 3278 pupnatque
925 3225 985 3262 cnm
1004 3210 1093 3263 uerbis
1111 3211 1209 3262 6166-
1225 3216 1272 3255 0⁸⁰·

165 3289 247 3344 thoro
259 3293 351 3360 (quam
366 3293 539 3358 offuesioncm
552 3298 653 3361 capent
667 3308 701 3345 erc
711 3296 792 3360 parte
806 3290 952 3344 conamina
963 3290 1073 3356 priora,
1087 3290 1157 3343 celui
1171 3281 1275 3345 16116611-

168 3369 288 3424 Ceterum
307 3389 331 3425 6.
353 3376 400 3424 191
423 3371 538 3426 exuuias
558 3388 638 3425 eroso
660 3372 724 3424 inde
741 3387 759 3422 a
779 3369 906 3423 Scutario
925 3370 1069 3434 edebatur,
1093 3370 1141 3423 ubi
1158 3381 1225 3421 61666
1235 3374 1277 3430 pit

165 3467 246 3505 erosa
265 3451 308 3505 ‘in
326 3453 400 3507 codd.
421 3452 549 3518 defecatis
567 3453 700 3520 scriptum
718 3451 782 3504 esse'
803 3451 872 3503 Pius
890 3450 966 3503 dicit.

256 3537 314 3584 198.
343 3531 465 3599 imperat
491 3532 571 3584 ‘alibi
597 3531 660 3598 lepi’
689 3531 759 3584 Rus
782 3531 863 3583 dicit:
892 3535 917 3583 et
940 3531 980 3583 sic
1003 3528 1133 3596 Scalipcr.
1167 3524 1279 3594 imperent

169 3610 319 3677 Vssinpius.
359 3610 400 3676 Os.
430 3611 576 3663 Martialis
603 3610 656 3662 xl
678 3613 731 3674 41,
748 3613 775 3665 2.
814 3611 852 3663 At
874 3611 974 3676 optimc
1000 3609 1154 3677 impetrant
1175 3600 1280 3660 66666611

164 3706 225 3743 curn
244 3691 384 3744 verborum
402 3707 509 3758 nepare,
532 3691 634 3756 facere,
658 3691 755 3757 solere,
777 3691 836 3744 sim.
859 3705 913 3743 usu
937 3691 1044 3743 erotica.
1085 3689 1154 3743 Mac
1170 3683 1283 3750 16611669

164 3769 359 3838 perblanditur
379 3770 561 3825 Camerarius.

255 3856 313 3902 196.
335 3850 427 3903 ‘Inter
450 3854 548 3905 c.193
571 3855 595 3904 61
620 3856 673 3905 195
697 3850 828 3904 audine
850 3865 957 3904 uersum
981 3865 1041 3903 cum
1066 3851 1197 3905 umecta
1211 3844 1286 3915 arcuit

164 3933 222 3980 turn
236 3930 437 3983 Arrebrosianus
451 3930 552 3993 6166661,
572 3930 602 3982 in
616 3931 695 3983 cuius
709 3932 819 3999 popina
834 3935 889 3985 469
906 3947 1035 3998 uiprema
1050 3931 1167 3984 duorum
1183 3940 1288 3982 versuum

163 4008 255 4073 spatia
275 4015 465 4075 apparuerunt
480 4026 533 4077 pro
550 4026 579 4064 co
602 4011 651 4078 qui
669 4011 750 4079 culpa
768 4016 807 4064 est
825 4014 886 4064 195.
924 4010 993 4078 Lepi
1010 4017 1101 4064 autem
1120 4011 1190 4063 nibil
1203 4003 1288 4076 potuil'

164 4084 200 4138 sl.
244 4086 321 4140 Vnde
345 4089 409 4142 olim
434 4089 577 4158 Vssinpius
603 4092 752 4158 temptabat
776 4090 826 4144 ΕΒ.
853 4089 936 4144 Falso
959 4092 991 4142 16
1018 4092 1045 4142 16
1069 4106 1163 4144 amare
1182 4089 1234 4153 eis,
1254 4083 1292 4153 qui

163 4164 377 4220 maledicentem
398 4169 437 4222 sic
457 4169 543 4223 ieras:
562 4168 635 4222 Num
654 4187 674 4225 e.
690 4188 713 4239 q.
729 4174 767 4224 sl
787 4171 807 4223 Ι
808 4176 858 4224 tem
876 4171 1033 4224 bamolatur
1052 4168 1198 4223 Reblinius
1211 4170 1226 4222 l.
1240 4185 1258 4222 s.
1271 4183 1295 4227 s,

162 4262 223 4298 cum
242 4252 311 4299 recte
331 4247 483 4315 Geppertus
504 4249 585 4302 Stud.
604 4248 683 4317 Hp.
699 4255 735 4303 65
745 4267 783 4319 sq.
804 4251 967 4305 iudicaverit
986 4251 1055 4317 (nisi
1074 4251 1147 4318 qiud
1164 4263 1254 4303 61666
1270 4262 1296 4300 cr

163 4341 240 4378 uersu
266 4331 320 4379 193
344 4328 396 4397 topi
419 4329 487 4382 dicit
511 4331 543 4382 in
562 4331 655 4397 prinu
670 4333 793 4400 popinae
810 4347 903 4397 ceren,
922 4331 971 4384 ubi
988 4330 1060 4383 nibil
1079 4330 1186 4399 lepitur,
1205 4327 1297 4382 exstitit

162 4412 253 4459 autem
281 4420 416 4462 1661666
439 4410 553 4478 potius).
606 4410 636 4464 V.
668 4417 717 4464 196
749 4412 818 4465 duce
845 4410 940 4464 Nonio
972 4409 1028 4462 iam
1061 4408 1166 4461 dadum
1197 4407 1299 4477 sporus
