2956 5678
233 304 296 359 XVI
692 301 898 360 PRAEFATIO

229 491 326 553 quam
355 469 389 533 in
418 466 553 533 Persae²
579 468 678 553 praef.
708 492 738 553 p.
766 467 848 534 VIII
875 472 908 532 et
942 467 976 532 in
1006 465 1248 533 Mostellariae²
1274 469 1377 553 praef.

228 598 259 659 p.
278 574 420 641 XXVIII
444 575 609 659 professus
633 598 714 641 sum.

317 682 352 747 B
373 682 516 747 codicem
535 681 687 747 Veterem
711 686 786 767 post
804 682 1017 748 Ititschelium
1041 688 1074 746 et
1092 679 1241 747 Loowius
1260 685 1293 747 et
1312 704 1375 769 ego

231 788 445 854 excussimus:
473 789 684 855 nihilominus
712 773 758 854 env
778 789 951 854 collatione
983 787 1195 854 Studemundi
1224 789 1378 855 aliorum-

232 918 302 981 que,
322 918 386 981 qua
408 896 454 960 uti
479 900 616 981 poterat,
636 898 674 961 de
698 896 777 961 loeis
801 895 967 961 nonnullis
991 894 1159 959 admonuit
1182 892 1377 980 Seyffertus:

229 1025 326 1087 quam
349 1003 600 1087 discrepantiam
623 1002 874 1068 commemoravi
902 1002 935 1067 in
964 1001 1100 1087 append
1123 1002 1195 1066 crit.
1219 1002 1260 1067 ad
1283 1026 1313 1068 v.
1330 1005 1377 1069 42

228 1116 262 1174 et
286 1109 359 1175 745.
406 1109 517 1194 Neque
551 1115 661 1175 tamen
697 1132 851 1195 umquam
889 1110 976 1175 tanti
1012 1109 1083 1174 visa
1120 1112 1170 1173 est
1205 1108 1377 1194 dubitatio,

229 1220 481 1302 propterquam
506 1216 644 1295 Romam
668 1216 907 1281 rescribendum
931 1237 1001 1280 esse
1025 1216 1181 1281 ducerem.

315 1323 417 1387 Porro
428 1324 551 1388 contuli
564 1323 704 1389 codicem
720 1323 971 1388 Ambrosianum
986 1324 1020 1388 Ε
1028 1320 1376 1407 aMDCOOLXXXV,

228 1430 428 1515 Lipsiensem
451 1429 486 1494 F
506 1452 533 1493 a.
557 1427 886 1514 MDCCOLXXXVI,
910 1429 1048 1513 denique
1071 1427 1269 1495 Vossianum
1296 1433 1328 1497 V
1346 1455 1376 1498 a.

226 1533 576 1602 Muccuuxxxvssl
599 1514 742 1624 (dequo
766 1538 806 1602 cf.
830 1535 902 1602 (las.
924 1537 1024 1620 praef.
1049 1560 1079 1621 p.
1094 1535 1172 1602 XIX
1188 1536 1282 1625 sqq).
1315 1530 1377 1604 Co·

227 1645 307 1708 diois
326 1641 507 1708 Britannici
524 1642 554 1709 J
567 1666 639 1709 cum
659 1666 762 1729 neque
782 1665 878 1728 quam
898 1642 1049 1708 Goetaius
1068 1645 1221 1728 praebuit
1239 1643 1374 1712 collatio

229 1750 284 1836 (cf.
308 1746 433 1838 Iso.)
463 1771 565 1835 neque
589 1750 786 1835 Vssingiana
814 1749 895 1814 satis
926 1754 1076 1814 accurata
1099 1751 1155 1835 sit,
1185 1755 1376 1837 pergratum
1424 1728 1433 1743 ⁰

226 1857 306 1922 fecit
329 1855 518 1940 Seyffertus,
542 1857 625 1941 quod
651 1879 689 1921 ex
712 1855 846 1921 Luchsii
869 1855 1054 1940 collatione,
1077 1878 1158 1940 quae
1182 1858 1211 1921 ei
1239 1864 1375 1941 praesto

230 1968 308 2048 erat,
331 1964 459 2048 inopiae
483 1986 666 2029 succurrere
689 1963 793 2029 voluit
816 1985 1003 2047 erroresque
1026 1961 1207 2048 sustulit*).

317 2070 356 2134 In
382 2070 540 2135 Palatinis
564 2070 728 2154 perhanc
751 2070 895 2134 fabulam
924 2069 1023 2151 etiam
1050 2070 1155 2154 magis
1180 2071 1278 2136 solito
1297 2094 1377 2155 per·
1445 2090 1448 2095 ·

227 2177 360 2243 turbata
384 2181 433 2242 est
452 2200 633 2243 versuum
652 2177 875 2261 discriptio:
896 2199 979 2262 quae
997 2176 1033 2242 in
1051 2176 1163 2242 metris
1183 2177 1376 2261 vulgaribus

225 2286 354 2369 saepius
377 2285 469 2370 peior
492 2268 558 2348 fere
582 2288 632 2348 est
655 2306 750 2368 quam
780 2285 811 2347 in
843 2283 986 2348 canticis.
1034 2283 1124 2359 Quod
1149 2306 1207 2367 per
1229 2284 1374 2368 priorem

225 2396 351 2477 partem
371 2391 501 2457 fabulae
520 2391 552 2454 iu
573 2390 644 2474 ipso
664 2392 823 2474 apparatu
843 2390 996 2455 indicavi:
1015 2389 1050 2454 in
1064 2391 1168 2456 altera
1182 2395 1273 2475 parte
1288 2414 1373 2477 quae

222 2494 412 2582 discrepent
433 2519 473 2560 ex
496 2496 530 2561 B
550 2495 613 2561 hoc
636 2496 706 2561 loco
731 2496 830 2559 solita
853 2496 980 2561 ratione
1003 2517 1172 2582 compono.

314 2602 505 2669 543-555:
541 2603 627 2682 (crui
657 2641 693 2649 -
722 2603 865 2685 poturus
886 2602 891 2684 Ι
919 2640 956 2648 -
980 2609 1136 2669 coeuntem
1165 2642 1207 2651 —
1230 2608 1316 2689 tenes
1331 2645 1378 2655 -

227 2712 359 2777 rcidcrim
379 2709 384 2792 Ι
405 2747 446 2757 -
470 2711 586 2792 corpus
602 2746 645 2756 -
663 2710 837 2792 paruulum
857 2708 862 2790 Ι
883 2746 925 2755 -
948 2711 1074 2775 animus
1101 2748 1138 2757 -
1163 2710 1279 2799 queas!

315 2816 505 2883 uos-562:
537 2853 578 2863 —-
602 2837 676 2882 uoco
706 2817 776 2897 [sed
794 2817 876 2899 Epo]
907 2854 947 2862 -
972 2818 1088 2882 talenta
1112 2820 1181 2899 [sed
1206 2821 1302 2902 Vnde]
1329 2860 1376 2870 —

229 2926 342 3021 codor

314 3007 567 3097 rito-571·-
582 3030 784 3125 perducebam
803 3030 874 3112 [sed
888 3030 1033 3111 IomJ-
1050 3053 1153 3114 peneto
1174 3031 1242 3112 [sed
1261 3033 1375 3116 Anus]

226 3146 376 3221 —seque
397 3159 529 3204 eaor-
505 3139 658 3229 inquit
680 3137 750 3218 [sed
773 3137 957 3219 Istunc]-
981 3133 1062 3221 sual

313 3209 571 3311 574-593·-
594 3245 732 3310 dioit—
758 3245 961 3328 intemil—
984 3246 1114 3328 inquom
1138 3246 1207 3327 [sed
1233 3247 1303 3329 Vin]
1328 3286 1375 3296 -

175 3422 178 3427 ,
226 3352 400 3418 dubitatum
433 3352 502 3432 [sed
528 3353 659 3434 Accede]
692 3387 729 3398 -
759 3352 915 3435 sequemur
944 3390 982 3400 —
1012 3354 1104 3436 usque
1131 3390 1173 3398 —
1200 3359 1376 3420 monstrare

226 3471 508 3526 Puruosrasm-
533 3460 782 3543 sequendam-
808 3480 1024 3526 commune-
1045 3461 1259 3525 iudrcuuit—
1289 3461 1375 3542 Quid

224 3589 372 3634 uunc-
396 3566 556 3632 amier-
580 3565 701 3651 uetant
799 3616 806 3629 .

315 3672 422 3739 595-
427 3671 569 3738 617:-
590 3673 679 3754 Deos
689 3679 830 3756 leque—
854 3674 1098 3754 Adulescens—
1119 3679 1375 3739 tchurrmsors

107 3764 111 3771 ¹
228 3817 265 3828 —
291 3781 434 3864 ceptior
457 3784 666 3840 Massurs—
691 3781 870 3865 mcusl—
897 3781 1090 3863 dispendit
1077 3803 1177 3845 cu-
1201 3802 1296 3864 quom
1317 3789 1379 3862 uos

228 3887 428 3973 -t-ibit-
452 3887 560 3969 uubis
574 3892 703 3949 er-
728 3890 908 3968 nwdol-
931 3909 991 3978 qu
992 3909 1026 3953 ro
1047 3895 1184 3947 Mna
1206 3886 1350 3969 Ootztcrrs
1366 3887 1370 3975 Ι

226 4032 269 4042 -
287 4015 360 4061 exea
378 3994 384 4078 Ι
405 3996 452 4076 [et
465 3995 773 4076 Medoxumcm]-
729 3997 849 4077 -scr's
860 3994 929 4077 [sed
948 3995 1076 4078 Ea]-
1036 3996 1184 4061 -modo
1204 3992 1209 4080 Ι
1232 3997 1279 4076 [et
1295 3995 1372 4079 Sed]

228 4138 265 4148 -
289 4099 524 4184 corrrcfit-
548 4101 652 4185 filiam
670 4102 676 4186 Ι
697 4104 744 4182 [et
765 4101 876 4185 usos]

313 4346 340 4418 ⁸)
359 4292 451 4403 Seinel
469 4347 534 4417 illis,
553 4365 608 4403 non
627 4347 693 4402 huic
711 4347 794 4402 fidem
814 4345 915 4403 habui.
936 4348 1011 4418 quod
1030 4364 1055 4401 v
1075 4351 1126 4401 523
1146 4348 1205 4403 dem
1223 4346 1321 4403 deesse
1342 4349 1371 4403 in

225 4439 254 4510 J,
273 4455 330 4494 non
348 4454 411 4494 cum
430 4437 477 4492 El
492 4437 523 4492 F
538 4437 667 4495 additum
685 4453 754 4505 esse,
772 4438 913 4507 probabili
932 4453 1067 4494 consensu
1087 4435 1269 4493 adnotabant
