2956 5678
164 343 280 399 nrum
636 304 841 397 rursusne

165 512 241 571 sunt
258 529 362 592 neque
381 468 543 571 rationem
563 507 766 591 corruptelae
782 512 1022 592 perspexerunt,
1049 506 1164 594 Neque
1182 510 1309 576 mediae

53 697 59 710 1
163 615 297 679 lacunae
320 613 516 697 respondere
539 613 637 676 finem
661 613 862 679 decurtatum
886 615 1076 680 mirabimur
1099 617 1133 681 in
1162 616 1309 700 senariis,

166 743 301 806 quorum
321 720 387 785 alia
410 720 445 784 in
464 719 529 784 aliu
547 720 669 804 pagina
687 719 779 783 sedes
799 720 870 784 fuit.
902 719 971 786 Iam
991 745 1067 788 vero
1087 723 1181 788 alteri
1199 725 1308 789 versui

163 831 313 892 truncato
337 827 392 912 qui
416 825 591 910 respondet
609 848 638 891 v.
658 824 721 891 577
746 826 826 891 adeo
849 849 915 892 non
938 828 1110 895 lacunosus
1130 851 1200 894 esse
1219 830 1308 896 vide·

163 937 226 1017 tur,
247 938 285 998 ut
307 933 417 1019 potius
440 933 526 997 iusto
551 932 656 997 maior
679 931 736 996 sit:
761 921 958 1018 quapropter
980 957 1078 1001 unum
1100 936 1307 1002 innocentem

164 1041 309 1125 plerique
338 1028 646 1104 illic'trucidaruut.
691 1036 737 1103 At
767 1042 944 1106 extremum
976 1043 1083 1126 potius
1113 1044 1309 1109 uocabulum
1351 1064 1353 1068 ·

164 1149 314 1230 iuterropo
333 1147 564 1229 interpolatum
584 1168 654 1209 esse
673 1167 737 1210 non
756 1149 884 1211 tantum
904 1148 976 1213 inde
996 1151 1109 1232 elucet,
1129 1149 1309 1233 quodcum

163 1277 190 1319 v.
210 1253 275 1318 576
306 1253 499 1319 detrimento
530 1256 562 1318 et
593 1274 665 1317 curn
688 1274 718 1317 v.
737 1253 802 1319 556
820 1277 866 1339 sq.
897 1257 1021 1322 lacunis
1051 1256 1167 1321 vitium
1197 1279 1309 1322 versus

164 1361 334 1427 manifesto
376 1360 541 1442 cohaeret,
583 1358 638 1422 sed
675 1359 776 1424 etiam
813 1360 896 1425 ratio
934 1364 1150 1446 grammatica
1186 1363 1307 1428 dudum

164 1469 278 1534 docere
302 1467 421 1533 debuit.
459 1465 545 1531 Nam
569 1467 721 1549 iuterropo
743 1468 876 1532 uerbum
900 1469 990 1534 iuxta
1019 1470 1081 1535 Vbi
1102 1470 1228 1550 habitat,
1251 1472 1309 1535 iu·

161 1596 270 1657 quam
292 1576 435 1660 positum
459 1573 726 1638 molestissimum
750 1578 859 1667 astae
881 1575 976 1660 plane
1000 1576 1213 1641 intolerabile.
1242 1576 1307 1641 Pro

164 1702 227 1766 quo
261 1703 332 1746 eum
365 1668 563 1745 desideretur
595 1679 802 1763 uocabulum,
830 1683 884 1746 cui
914 1687 946 1745 et
977 1704 1074 1747 auum
1107 1682 1309 1747 accusativus

164 1787 382 1872 coniungatur
414 1791 447 1851 et
478 1787 607 1868 iuquam
639 1787 772 1851 verbum
808 1789 975 1853 commode
990 1846 997 1859 ,
1013 1787 1221 1873 adiungatur,
1256 1788 1310 1852 vix

164 1894 300 1959 formum
324 1894 470 1963 invenies
489 1894 593 1978 magis
617 1894 765 1959 idoneam
789 1917 887 1980 quam
910 1897 1067 1962 obsecrans
1089 1895 1307 1981 participium.

164 2000 277 2086 Itaque
301 2002 347 2067 sie
370 2002 450 2066 haec
474 2004 659 2086 congruunt
680 2006 714 2066 et
735 2000 1115 2087 cohaerent'aptissime:

338 2148 441 2212 bttsq.

371 2219 1146 2297 russorum<sionusmn>urcu1smurncrsnruus³⁸³)

373 2301 1034 2376 roauu<u1suxssousnrsanu1>susssuoear

338 2388 390 2438 576
401 2402 441 2452 sq.

369 2462 1021 2537 nuuuunocurusrnounuruunun(onemo>

368 2545 1124 2672 usesocerasesoocosmuosssn<0s¹iii0⁸iiis>

133 2729 137 2738 ’
252 2724 328 2790 Nou
361 2725 467 2789 minus
499 2723 628 2807 insigne
659 2726 840 2808 exemplum
869 2725 1064 2810 detegimus,
1092 2727 1119 2788 si
1148 2746 1167 2788 a
1195 2746 1223 2788 v.
1244 2724 1311 2790 650

165 2831 408 2916 proficiscimur.
455 2830 522 2896 Vbi
548 2852 619 2895 eum
643 2823 797 2910 traditum
823 2832 866 2896 sit
888 2828 1047 2919 (oeclddite
1071 2832 1157 2896 aedis
1173 2831 1296 2913 pc'ssul'

164 2936 341 3024 repdpulia)
364 2938 430 3002 ruo
450 2941 455 3016 1
475 2938 555 3002 hauc
576 2957 628 3020 epo
658 2938 780 3002 te'tulero
803 2939 889 3003 iutro
917 2939 1010 3003 limen
1037 2937 1167 3002 initium
1195 2957 1310 3002 versus

165 3065 229 3109 non
259 3044 354 3110 modo
382 3048 568 3130 corruptum
597 3065 681 3128 esse,
709 3066 820 3109 verum
849 3045 946 3109 etiam
976 3045 1162 3109 mutilatum
1190 3043 1309 3108 dudum

163 3150 364 3216 intellectum
387 3154 446 3216 est.
491 3149 541 3215 Er
566 3150 664 3216 variis
692 3136 914 3216 conaminibus
944 3151 1122 3216 sententiae
1153 3150 1216 3214 loci
1245 3172 1311 3215 ser·

165 3257 314 3342 monique
335 3256 493 3323 'Plautino
522 3258 643 3341 optime
674 3279 711 3322 ae
740 3257 808 3321 fere
836 3258 928 3322 unice
958 3257 1133 3342 respondet
1158 3255 1308 3351 Muqlleri

164 3364 349 3430 coniectura
372 3365 466 3448 satis3
491 3367 528 3428 ut
551 3363 735 3447 uidebatur,
759 3363 864 3429 audax
888 3365 999 3445 Quom
1020 3364 1201 3447 extemplo
1227 3354 1311 3430 laeuo

163 3493 214 3555 egro
242 3473 301 3539 ti.
321 3472 340 3537 l.
386 3469 499 3556 Neque
526 3492 565 3535 ea
590 3471 656 3535 iam
684 3471 771 3536 iusto
800 3469 952 3542 audacior
982 3492 1052 3535 esse
1081 3470 1258 3554 videbitur,
1282 3471 1311 3536 si
1349 3470 1354 3479 '

165 3579 367 3645 admittimus
390 3577 553 3662 prioribus
577 3578 711 3663 syllabis
728 3578 887 3669 abscissis
910 3599 966 3639 ruo
990 3579 1040 3643 vel
1063 3597 1133 3639 reno
1156 3577 1309 3642 relietum

118 3676 122 3683 ¹
164 3687 198 3750 in
222 3707 273 3749 1130
302 3686 434 3772 abiisse,
461 3685 545 3770 quod
575 3681 781 3751 vocabulum
799 3685 914 3750 saltem
942 3684 1081 3750 latinum
1111 3684 1163 3750 sit.
1208 3683 1310 3769 quue

165 3793 286 3876 liquido
320 3793 548 3858 confirmamus
581 3778 766 3876 comparato
799 3814 828 3855 v.
848 3792 926 3875 634,
955 3813 1050 3875 quem
1084 3792 1188 3856 iustae
1223 3813 1310 3856 men-

157 3896 318 3985 surae**)
352 3921 425 3964 eum
457 3900 514 3965 alii
541 3899 636 3963 aliter
664 3898 906 3963 accommodare
939 3898 1134 3982 studuerint,
1163 3897 1209 3962 sie
1237 3920 1310 3982 per·

253 4126 281 4195 *)
299 4124 401 4180 Mirum
420 4129 463 4182 est
486 4129 581 4197 spreta
603 4125 689 4200 te<d>
713 4127 804 4181 lorma
826 4142 921 4182 omues
946 4126 1038 4180 adhuc
1060 4126 1103 4180 ita
1126 4142 1241 4180 versum
1266 4127 1309 4181 in-

154 4208 311 4274 staurasse,
330 4208 362 4260 ut
379 4207 460 4262 dictis
477 4209 558 4262 illaec
576 4214 600 4262 te
620 4223 692 4262 anus
709 4205 830 4276 pessimo
842 4209 968 4271 ‚accentu
987 4207 1150 4261 tolerarent.

239 4295 280 4362 **)
300 4293 377 4360 Quae
399 4299 511 4364 praeter
534 4295 679 4351 metricam
704 4295 899 4350 difficultatem
922 4293 952 4349 in
974 4297 1027 4350 hoe
1055 4312 1137 4349 versu
1167 4295 1309 4351 offendere

166 4374 343 4442 videbantur,
363 4393 444 4447 quam
463 4378 602 4432 mutatum
626 4376 662 4430 ab
687 4375 816 4430 omnibus
843 4379 873 4430 et
890 4377 1016 4430 tuamen
1034 4392 1089 4430 rem
1108 4374 1308 4431 addubitatum

163 4471 181 4510 a
199 4453 348 4522 nonnullis,
368 4454 437 4514 satis
457 4454 614 4511 defendisse
633 4454 703 4509 mihi
722 4454 820 4511 videor
837 4454 867 4510 in
886 4455 1049 4526 appendice.
