2956 5678
123 758 284 855 ere-em
611 798 796 856 APPENDIX
1211 803 1274 868 115

216 965 276 1015 994.
305 960 344 1016 Η.
358 976 380 1016 e.
399 959 460 1031 Ego
478 959 559 1015 illum
578 961 690 1030 quoiast
708 961 823 1016 fidicIna
841 962 1006 1017 conueniam
1025 979 1144 1031 eumque
1162 963 1218 1017 huc
1236 964 1274 1017 ud

121 1045 155 1096 te
173 1040 314 1096 adducam
330 1041 388 1109 (md
404 1057 448 1096 ree
460 1042 574 1111 dulim.-
592 1041 625 1097 de
638 1043 728 1099 colloc.
743 1044 880 1098 enuntiati
893 1043 1001 1099 relativi
1014 1043 1048 1111 cf.
1064 1045 1102 1099 od
1115 1061 1138 1098 u.
1154 1050 1197 1112 55,
1213 1049 1272 1098 269.

129 1122 257 1188 Versum,
278 1122 328 1192 pei
344 1125 377 1176 ut
393 1120 516 1177 traditur
532 1122 654 1194 intellepi
671 1124 720 1177 oin
733 1127 836 1191 meme,
854 1123 886 1177 in
903 1123 943 1178 ed.
962 1125 983 1177 I
997 1139 1047 1192 pro
1064 1125 1160 1193 epurio
1177 1125 1275 1180 seclusi

121 1202 223 1271 eprett‘e
235 1202 274 1257 eie
287 1217 357 1271 puae
369 1201 430 1257 Act.
445 1217 496 1258 ecc.
507 1202 556 1271 pl.
571 1203 649 1272 Lipe.
664 1209 682 1258 t.
700 1204 743 1258 VI
749 1219 778 1271 Ρ.
795 1205 848 1257 324
859 1219 1063 1272 proposueram.
1098 1205 1185 1259 Varia
1198 1205 1231 1258 de
1244 1220 1274 1259 eo

120 1281 268 1338 commenti·
284 1287 349 1336 runt
364 1281 399 1335 Il.
416 1281 536 1337 Mueller
552 1282 586 1336 de
604 1282 647 1337 Pl.
663 1283 718 1352 Ep.
734 1299 764 1351 p.
780 1286 807 1350 5,
825 1282 981 1338 Ileintardt
998 1283 1180 1339 Studemmadi
1193 1283 1272 1338 Stud.

122 1369 143 1416 t.
164 1362 186 1415 1
199 1378 230 1431 p.
249 1364 318 1427 105,
342 1361 461 1431 Geppert
483 1363 515 1417 in
536 1362 668 1429 editione,
691 1363 806 1432 deniqne
828 1378 923 1418 censor
940 1363 1107 1420 Reinlurdti
1124 1364 1187 1419 Ind.
1202 1364 1292 1432 plnl:

121 1448 144 1495 t.
161 1440 213 1495 IV
223 1458 253 1511 p.
271 1444 334 1497 395.
355 1472 389 1482 -
408 1442 483 1496 hunc
501 1441 539 1496 ed
556 1459 621 1497 eum
639 1442 753 1512 quoiast
770 1441 886 1497 fidicine.
906 1445 1011 1514 Vseinp.

216 1534 275 1584 995.
303 1529 390 1585 Illaec
415 1531 514 1600 quanti
540 1531 595 1586 emi
620 1530 745 1585 minemo
769 1531 951 1601 potestatem
973 1533 1049 1588 edldi
1071 1549 1132 1588 mem
1154 1532 1275 1589 Iamneia

122 1609 310 1666 &mmmm
326 1610 404 1666 stud.
425 1617 442 1666 t.
462 1611 484 1664 Ι
495 1628 525 1680 Ρ.
545 1615 589 1666 36.
628 1611 732 1677 Quanti
754 1613 849 1682 potest
871 1613 995 1666 minume
1018 1612 1070 1667 illa
1092 1613 1148 1667 emi
1168 1614 1272 1684 Veeinp.

123 1689 187 1744 fero
205 1689 263 1745 illo.
299 1689 353 1744 PE.
374 1690 479 1757 Quanti
498 1691 553 1746 emi
571 1692 696 1746 minumo
716 1694 810 1761 potest
828 1692 940 1762 Hesper
958 1694 975 1746 l.
990 1709 1010 1749 e.
1025 1709 1046 1747 e.
1063 1710 1091 1761 Ρ.
1111 1697 1157 1748 20.
1179 1724 1211 1733 -
1231 1693 1275 1748 De

123 1769 244 1826 minimo
261 1771 296 1839 ef.
316 1771 408 1828 Brocl·
428 1771 534 1842 Quaeet.
553 1790 593 1842 pr.
609 1790 638 1842 Ρ.
659 1776 703 1827 50.

207 1855 277 1910 ,998
305 1850 397 1905 me'nea
415 1852 480 1906 olim
498 1867 560 1906 cum
577 1852 656 1907 libris
674 1852 758 1919 edidr',
776 1868 833 1907 non
850 1859 925 1908 recte.

216 1935 275 1986 297.
303 1931 387 2003 nihil]
406 1931 486 1985 nulla
504 1931 592 1987 Weiee
609 1949 671 1986 cum
689 1932 761 1986 aliie.

216 2015 275 2065 299.
303 2009 384 2065 illem
403 2010 477 2065 alius
495 2011 540 2065 ad.
559 2012 633 2081 perit
652 2013 810 2069 dubitanter
825 2013 1010 2082 proponebam
1028 2014 1094 2068 olim
1111 2013 1143 2067 in
1161 2013 1226 2066 adn.

215 2095 275 2146 801.
302 2092 328 2146 ie
348 2107 404 2162 pro
428 2090 475 2145 hic
500 2093 575 2147 Bn'n
600 2093 671 2148 Nou.
697 2110 763 2148 ann.
790 2100 808 2148 t.
833 2093 874 2147 01
897 2097 934 2161 (a.
961 2097 1047 2162 1870)
1069 2109 1099 2162 Ρ.
1125 2097 1193 2160 766,
1216 2093 1274 2159 sor-

53 2186 57 2191 '
123 2178 289 2228 damme.

216 2256 275 2306 309.
304 2251 391 2306 orabo
410 2252 541 2319 Bottinr,
560 2254 635 2308 Bria
654 2253 732 2308 cmc.
748 2271 777 2322 p.
798 2255 916 2309 XVIII.
938 2285 970 2293 —
990 2254 1026 2309 Et
1044 2253 1178 2323 impetras
1198 2253 1274 2321 Ileie,

126 2333 191 2389 01¹.
232 2349 281 2387 oro
303 2347 357 2403 ego
379 2331 420 2386 oet
441 2331 639 2402 Impetrauerie
662 2333 775 2402 Harpee
797 2335 813 2386 l.
833 2351 853 2388 s.
873 2351 893 2388 s.
915 2351 943 2403 p.
967 2337 1012 2388 20.
1055 2334 1143 2388 Immo
1166 2333 1275 2403 impetu

124 2415 178 2483 (vel
194 2412 340 2483 impetras)
355 2411 474 2468 Mueller
489 2413 544 2468 ‘Pl
560 2413 650 2468 Pecs)
661 2430 691 2481 p.
707 2417 778 2480 650‚·
796 2413 831 2479 cf.
848 2413 899 2467 Rn.
917 2414 992 2468 Mne.
1008 2420 1025 2467 t.
1041 2414 1118 2469 LIV
1134 2418 1171 2481 (a.
1187 2418 1273 2482 1899)

121 2512 152 2564 p.
171 2497 235 2548 390.
273 2491 346 2558 Quin
364 2506 435 2561 pure.
455 2492 580 2561 Geppert.
620 2492 661 2559 δι’.
682 2493 824 2547 Bentleiue
842 2494 872 2546 in
891 2494 993 2548 Heaut.
1013 2494 1111 2560 1113,
1128 2496 1173 2547 48.

150 2594 189 2624 ·.
215 2577 274 2627 305.
303 2573 313 2626 i
336 2589 452 2627 numero
475 2572 610 2644 Scaliper,
635 2572 806 2626 Gulielmius.
846 2573 887 2639 Of.
908 2572 1024 2644 Lnnpen
1043 2573 1155 2628 ‘Beitr’
1175 2590 1203 2641 p.
1224 2578 1274 2641 94,-

124 2655 183 2709 Leo
201 2654 245 2709 Pe.
264 2652 300 2709 F.
316 2670 345 2722 p.
366 2657 429 2707 108.

214 2738 275 2787 306.
304 2732 410 2787 Hianm
427 2748 484 2786 non
498 2734 653 2788 tolerabilis.
683 2734 712 2786 in
727 2732 802 2786 omni
818 2749 886 2803 agro
900 2733 1009 2788 Leman
1024 2733 1097 2803 Spec.
1113 2734 1173 2789 crit.
1185 2750 1214 2802 p.
1229 2736 1274 2799 42,

125 2832 203 2887 quern
221 2813 286 2869 olim
299 2819 406 2869 secana
419 2830 488 2880 mam,
506 2813 536 2866 in
551 2830 617 2883 agro
633 2814 709 2867 omni
725 2814 792 2868 Reiz
807 2814 883 2882 apud
898 2815 1097 2868 Hermamnum.
1126 2813 1168 2867 De
1181 2813 1274 2867 hercle

125 2903 191 2952 amu
213 2910 266 2965 ego
288 2894 433 2948 inserendo
453 2895 554 2964 copitot
571 2894 720 2950 Darmann
740 2894 800 2948 Obe.
820 2894 851 2947 in
870 2911 891 2948 c.
912 2894 992 2948 XIV
1003 2895 1106 2964 prolep.
1121 2912 1150 2962 p.
1171 2897 1219 2961 35,
1242 2893 1275 2947 de

126 2975 202 3030 omni
220 2975 251 3029 in
269 2973 358 3044 agrod
377 2973 544 3029 Ritecleeliue
560 2975 631 3028 Nou.
651 2991 706 3029 exc.
727 2976 769 3030 Pl.
786 2991 816 3042 p.
837 2978 880 3028 69.
918 2973 948 3027 in
968 2973 1020 3027 hoc
1039 2990 1107 3043 agro
1123 2974 1197 3028 Brix
1210 2974 1273 3028 Em.

126 3057 169 3112 Pl.
190 3059 228 3124 (a.
248 3058 333 3122 1847)
353 3071 383 3122 p.
403 3057 447 3107 18.
485 3070 538 3124 ego
561 3055 675 3123 quidem
698 3055 739 3108 cel
762 3055 874 3124 egomet
898 3069 996 3123 agrum
1019 3054 1049 3106 in
1073 3069 1140 3123 agro
1164 3053 1275 3120 Haeper

127 3137 143 3190 l.
157 3153 178 3191 e.
194 3152 214 3190 e.
230 3151 260 3204 p.
277 3138 322 3190 20;
362 3133 479 3187 Nullum
498 3135 558 3187 esee
577 3137 627 3189 aut
645 3134 731 3188 fuisse
751 3134 835 3203 opino
855 3150 906 3203 ego
926 3149 1025 3203 agrum
1043 3134 1072 3185 in
1092 3149 1159 3202 agro
1179 3132 1273 3186 Attico

128 3216 247 3270 Mueller
256 3214 331 3269 Mne.
342 3214 395 3268 Illa.
411 3220 428 3267 t.
440 3213 517 3269 LIV
526 3218 563 3280 (a.
575 3218 661 3281 1899)
672 3233 701 3283 Ρ.
714 3219 776 3268 396.
807 3215 902 3268 Etiam
917 3215 976 3268 aliu
989 3214 1140 3285 encopitam'
1149 3219 1272 3281 peccunt.

128 3296 169 3363 Os.
188 3295 293 3352 Schoell
311 3295 360 3349 ‘N
379 3293 504 3348 Heidelb.
527 3293 634 3348 latro!
659 3295 696 3349 II
714 3312 743 3363 Ρ.
764 3298 815 3360 47,·
839 3294 1070 3348 Maurenbrecleer
1088 3310 1117 3362 Ρ.
1138 3297 1188 3360 52,Ι
1211 3298 1272 3347 199.

215 3388 275 3437 313.
305 3381 367 3448 Qua
384 3383 508 3453 Bentley.
529 3415 561 3422 —
581 3383 629 3437 Ad
647 3398 732 3452 quam
754 3427 758 3436 .
780 3426 785 3435 .
807 3427 812 3436 .
832 3382 958 3451 aliquam
977 3384 1010 3449 cf.
1028 3383 1152 3438 Balboch
1168 3382 1272 3437 coroa

126 3483 162 3520 er.
183 3481 212 3534 p.
231 3466 270 3519 20
292 3470 317 3518 et
340 3464 415 3519 Brix
437 3463 507 3518 Nou.
532 3480 597 3517 ann.
622 3470 640 3517 t.
660 3464 830 3518 LXXXXI
851 3470 888 3529 (a.
906 3467 1000 3530 ’1865)
1020 3479 1049 3531 Ρ.
1071 3467 1123 3530 58,
1148 3463 1186 3516 ad
1210 3463 1273 3515 Mil.

124 3546 160 3615 pl.
175 3547 238 3599 432.
276 3544 403 3599 Eundem
419 3545 605 3612 pleonaemnm
624 3545 704 3598 habes
720 3544 802 3599 Meet.
818 3562 841 3598 o.
857 3547 913 3598 256
931 3550 957 3597 et
970 3544 1035 3597 Aul.
1051 3548 1113 3599 810.
1131 3575 1163 3583 -
1179 3542 1275 3611 ulique.

127 3624 274 3758 Gutum
304 3719 376 3772 quae
395 3704 479 3758 hodie
498 3704 574 3757 domi
593 3705 658 3758 olna
676 3705 752 3759 edidi
770 3708 805 3772 (et
822 3721 885 3759 neca
904 3703 1048 3773 diuinum).
1079 3703 1133 3757 sibi
1153 3704 1206 3756 hue
1226 3703 1274 3756 do·

126 3801 216 3853 mum,
239 3787 273 3838 ut
292 3785 396 3855 Vmoep.
434 3801 479 3838 me
502 3800 575 3853 quae
599 3783 674 3836 domi
696 3784 786 3854 Gupet
805 3785 879 3838 enim
898 3785 1016 3839 scribens
1034 3801 1057 3836 o.
1078 3790 1129 3836 314
1150 3800 1202 3851 pro
1221 3799 1273 3836 me.

126 3865 189 3932 eibi,
208 3867 242 3919 ut
260 3863 337 3917 domi
358 3865 483 3934 Geppert.
523 3866 564 3931 Of.
584 3865 725 3920 Abraham
739 3882 769 3934 p.
789 3868 852 3921 224.

216 3959 276 4007 310.
314 3952 391 4018 Quae
415 3971 469 4022 pro
497 3953 534 4007 Vt
562 3955 710 4009 Buecheler
740 3955 814 4010 Mus.
845 3956 896 4009 Ille.
926 3959 942 4008 t.
974 3954 1098 4008 XXXV
1122 3957 1159 4019 (a.
1187 3956 1273 4018 1880)

124 4052 154 4105 Ρ.
174 4038 231 4089 628
240 4051 290 4103 ep,
311 4034 360 4087 ubi
379 4033 475 4087 dinam
494 4035 646 4088 vindicavit
663 4034 741 4088 idem.
776 4035 817 4100 Cf.
837 4035 949 4102 Hesper
964 4051 993 4102 p.
1012 4038 1057 4087 26.
1097 4030 1214 4086 Tradita
1232 4037 1274 4084 tu·

124 4122 222 4170 tantur
236 4114 350 4185 depren
364 4115 397 4169 de
407 4122 481 4184 pare.
496 4131 553 4184 cop.
565 4132 594 4183 Ρ.
610 4118 655 4181 33,
670 4116 776 4170 Bennet
788 4115 1008 4170 ‘Traneucte'ons’
1021 4120 1066 4168 etc.
1083 4117 1156 4166 1900
1165 4128 1194 4180 Ρ.
1209 4114 1272 4166 235.

216 4208 276 4257 318.
305 4204 456 4257 aduorsum
475 4205 539 4258 olim
557 4204 633 4259 edidi
650 4220 711 4260 cnm
732 4203 866 4273 Gepperto
886 4205 945 4258 coll.
965 4204 1064 4258 Pseud.
1084 4221 1106 4255 m
1127 4205 1190 4267 453,
1210 4199 1273 4253 Mil.

123 4287 161 4356 pl.
180 4301 204 4340 e.
225 4288 309 4350 1080,
327 4286 410 4339 Poen.
430 4288 492 4339 400.

215 4364 246 4418 V.
267 4368 408 4418 320-336
427 4370 612 4420 tractaverunt
631 4365 808 4418 Lindemann
827 4364 897 4418 Nou.
918 4380 983 4416 ann.
1004 4369 1021 4418 t.
1038 4363 1116 4416 XIX
1134 4365 1171 4428 (a.
1188 4365 1273 4428 1837)

121 4462 151 4514 p.
172 4449 226 4499 161
237 4462 286 4514 cp,
304 4446 380 4500 Brix
398 4444 431 4498 ele
448 4447 492 4499 Pl.
512 4451 537 4499 et
559 4446 615 4499 Ter.
632 4461 706 4513 pros,
723 4461 751 4512 Ρ.
769 4448 814 4512 18,
832 4443 990 4498 Fleckeisen
1009 4445 1107 4498 Edere.
1127 4461 1163 4497 cr.
1180 4460 1208 4511 Ρ.
1228 4446 1275 4507 24,

124 4524 242 4596 Spenpel
260 4526 288 4578 T.
306 4525 394 4579 Mace.
411 4526 453 4579 Pl.
470 4541 499 4593 p.
515 4528 570 4578 167
588 4531 613 4578 et
632 4528 694 4590 117,
714 4525 832 4578 Mueller
851 4525 906 4579 ‘Pl
924 4525 1013 4578 Pros.’
1031 4540 1059 4590 p.
1080 4526 1142 4587 334,
1161 4522 1275 4592 Seyffert

125 4606 225 4661 Ptilcl.
246 4612 263 4660 t.
286 4605 413 4660 XXVII
429 4608 466 4672 (a.
482 4608 569 4669 1868)
586 4621 615 4672 Ρ,
631 4608 687 4660 448
706 4606 876 4673 (aet-330),
895 4603 1010 4672 Spenpel
1025 4603 1273 4668 ‘ReforneoorsehL'

121 4702 151 4755 Ρ.
171 4689 236 4752 371,
255 4685 313 4739 Leo
331 4686 365 4739 de
382 4692 453 4740 cant.
470 4702 498 4754 Ρ.
519 4689 582 4750 100,
601 4688 646 4751 52,
665 4689 711 4751 36,
728 4690 760 4738 nt
779 4685 848 4738 alios
866 4686 978 4738 emittam.

216 4771 276 4819 390.
305 4765 346 4831 Of.
367 4765 546 4835 Schredinper
564 4766 580 4818 l.
600 4782 620 4818 e.
640 4782 660 4818 s.
678 4782 706 4832 Ρ.
727 4768 771 4817 48.

216 4851 276 4899 322.
305 4862 393 4899 necne
413 4845 467 4899 seit
486 4845 598 4913 Haeper
612 4862 640 4912 p.
663 4850 686 4897 7.

216 4931 277 4980 393.
306 4925 359 4979 Per
377 4925 459 4979 illum
478 4926 520 4979 W.
537 4926 573 4978 W
573 4929 681 4994 (opner)
702 4926 780 4980 ‘Lite
798 4926 954 4980 Oenlralll)
975 4945 999 4978 a.
1021 4930 1095 4980 1879
1108 4943 1138 4994 Ρ.
1159 4929 1213 4979 337

1046 5015 1058 5042 t

1021 5021 1037 5069 8
