2956 5678
162 312 212 372 XX
624 311 832 367 PRAEFATIO

162 478 220 541 set.
266 474 374 559 Atque
407 476 519 541 statim
553 476 594 540 ab
628 475 720 539 initio
749 498 781 561 p.
804 475 870 541 610
898 477 1013 542 scribit
1046 478 1107 544 sibi
1138 477 1283 544 ‘iniuriosa

162 581 308 648 convicia
330 582 527 668 repellenda’
552 605 630 648 csse.
676 581 748 647 Iam
768 584 795 647 si
815 605 854 648 cx
873 605 1009 650 censura
1032 585 1092 650 illa
1115 608 1210 651 unum
1231 608 1280 652 rer·

162 690 238 754 bum
272 689 416 773 proferre
449 689 610 770 potuerit,
643 688 727 772 quod
757 688 895 754 convicii
924 693 1020 774 atque
1049 690 1131 755 adeo
1160 691 1279 757 iniuriosi

163 796 300 860 convicii
333 796 464 860 nomine
496 800 584 859 recte
617 794 813 879 appelletur,
847 817 898 860 me
931 796 1082 861 iniuriam
1115 796 1224 863 fecisse
1246 799 1278 861 illi

162 902 292 987 publice
316 901 453 966 fatebor.
501 899 622 976 Quodsi
642 921 705 964 non
726 899 855 984 poterit,
878 901 947 984 ipse
971 899 1130 966 fatebitur
1152 923 1184 967 sc
1205 902 1277 968 ‘meu-

163 1010 259 1073 titum
283 1008 366 1073 esse’
389 1012 487 1092 atque
511 1007 662 1071 iniuriam
686 1005 766 1070 mihi
789 1006 913 1072 fecisse.

254 1115 345 1191 Quod
370 1136 446 1179 vero
470 1135 527 1197 per
551 1113 634 1177 hanc
654 1113 827 1177 editionem
851 1113 1090 1197 permultos-
1106 1137 1277 1202 nequaquan

165 1244 277 1287 omnes
303 1258 340 1268 -
367 1221 479 1286 notavi
498 1219 639 1284 Vahleni
664 1241 797 1304 errores,
820 1241 886 1284 non
908 1220 981 1285 ideo
1005 1221 1077 1306 feci,
1100 1226 1137 1288 ut
1157 1245 1210 1307 par
1227 1222 1277 1307 pari

164 1330 317 1394 referrem
340 1364 377 1375 -
400 1328 484 1411 quod
504 1349 555 1390 me
577 1326 723 1391 noluisse
747 1327 815 1409 ipsc
839 1331 933 1392 tenor
956 1327 1197 1394 adnotationum
1217 1351 1275 1393 mcc·

164 1458 236 1500 rum
261 1433 498 1499 demonstrabit
521 1469 579 1516 —‚
602 1433 657 1497 sed
685 1433 774 1516 ideo,
802 1434 877 1516 quis
904 1433 966 1498 hec
997 1439 1105 1500 aetate
1129 1433 1221 1500 ‘laxae
1238 1435 1275 1498 ob·

166 1540 369 1626 servantiae’‚
403 1562 500 1625 quam
533 1539 636 1604 facete
668 1537 867 1604 Ritschelius
902 1539 997 1622 dixit,
1029 1540 1146 1608 vindex
1175 1540 1277 1622 exstitit,

167 1671 261 1734 quem
290 1649 355 1714 iam
383 1646 531 1713 nonnulli
559 1668 619 1728 pro
649 1645 727 1711 duce
756 1650 853 1731 atque
881 1647 1100 1731 antesignano
1123 1647 1228 1713 habere
1245 1646 1275 1708 ri·

166 1757 310 1821 deantur.
355 1754 450 1818 Hunc
475 1774 550 1816 vero
574 1751 745 1817 ‘ordinem’
772 1753 1021 1836 improbandum
1049 1775 1121 1819 esse
1142 1755 1222 1819 noris
1239 1774 1273 1815 er·

167 1863 280 1946 emplis
302 1862 523 1926 demonstrare
542 1881 715 1944 possumus
734 1859 768 1923 in
791 1859 852 1925 hac
872 1859 1025 1944 editione,
1048 1860 1105 1926 ubi
1129 1861 1207 1926 haud
1224 1879 1274 1922 raro

166 1968 259 2034 novis
278 1966 487 2033 Ambrosiani
511 1966 706 2031 testimoniis
729 1987 840 2031 veram
864 1967 951 2031 viam
974 1969 1101 2032 munire
1120 1967 1211 2034 licuit
1244 1963 1275 2036 ll

168 2097 270 2160 pauca
288 2074 350 2139 hoc
369 2095 497 2158 qnoque
516 2073 588 2137 loco
612 2073 763 2137 delibem:
788 2073 873 2157 quod
897 2096 926 2138 v.
944 2074 1010 2139 299
1031 2073 1167 2159 Pylades
1187 2080 1213 2138 tu
1230 2091 1275 2135 ser·

168 2183 254 2248 moni
280 2179 485 2265 aptissimum
510 2179 628 2245 adiecit
650 2183 785 2263 propter
808 2179 947 2264 hiatum,
971 2184 1129 2265 tanquam
1151 2198 1272 2247 commen

167 2295 237 2354 tum
257 2310 390 2372 prorsus
409 2287 526 2352 inutile
549 2308 589 2352 nc
613 2287 922 2352 commemoratione
946 2287 1077 2372 quidem
1103 2290 1219 2372 dignun
1234 2283 1273 2347 hc·

167 2397 239 2459 buit
257 2394 432 2475 Vahlenus,
451 2395 529 2457 item
552 2393 638 2477 quod
657 2416 685 2457 v.
706 2393 773 2457 495
796 2397 929 2479 propter
953 2391 1275 2478 proceleusmaticum*l

167 2500 363 2567 Ritschelius
377 2500 456 2565 mibi
469 2502 522 2582 qui
536 2500 676 2566 traiecit:
691 2536 733 2546 -
748 2503 920 2584 utrumque
931 2500 963 2566 A
978 2501 1158 2567 confirmat.
1188 2497 1275 2565 Contra

168 2632 196 2673 v.
220 2608 284 2673 589
308 2628 356 2671 me
379 2606 412 2670 in
436 2606 500 2672 OD
523 2607 675 2671 iteratum
702 2608 829 2672 reduxit
851 2605 1029 2692 Vahlonus,
1053 2609 1110 2694 qui
1131 2630 1193 2673 non
1209 2602 1275 2669 facilc

167 2715 292 2798 patitur
325 2714 498 2798 quidquam
528 2713 646 2797 perire,
680 2713 765 2797 quod
798 2714 950 2778 librarius
985 2716 1104 2800 aliquis
1134 2709 1274 2798 scripserit:

169 2821 233 2885 iam
262 2821 295 2885 A
323 2841 395 2885 cum
421 2819 454 2885 B
479 2820 682 2885 consentiens
707 2819 826 2885 aluisse
850 2820 891 2885 ab
917 2822 1093 2906 archetypo
1117 2818 1277 2886 demonstrat

169 2931 319 3011 reeteque
339 2929 494 2992 omissum
518 2949 587 2991 esse
608 2951 626 2991 a
645 2927 806 3012 plerisque
830 2928 1017 2993 editoribus.
1064 2928 1175 2993 Puram
1195 2928 1275 3011 putam

170 3034 271 3097 habes
296 3033 498 3098 ‘laxitatem'
522 3035 555 3098 in
584 3034 647 3114 eis,
681 3056 762 3117 quae
790 3033 958 3100 Vahlenus
987 3035 1027 3099 de
1055 3037 1202 3101 incisione
1224 3048 1278 3093 sna·

170 3141 276 3222 paesti
300 3138 444 3223 disputat
468 3139 608 3204 Hermae
631 3138 725 3204 XVII
748 3163 778 3225 p.
794 3140 868 3206 604.
914 3139 1135 3207 Proficiscitur
1157 3163 1174 3205 a
1194 3132 1278 3209 uteo,

170 3246 225 3310 ubi
250 3268 322 3311 cum
347 3268 384 3311 eo
408 3247 480 3331 ipsc
504 3245 576 3310 loco
601 3244 639 3309 de
667 3268 730 3329 quo
761 3247 871 3330 agitur
894 3270 914 3312 a
937 3248 1032 3312 libris
1056 3248 1215 3312 dissentiat
1231 3239 1278 3305 Nc·

169 3352 243 3415 nius
251 3403 259 3435 ,
283 3352 465 3435 quicunque.
496 3352 548 3414 viu
571 3374 608 3415 ac
632 3353 758 3417 ratione
784 3351 1027 3435 progrediatur,
1053 3353 1174 3417 diffidet
1193 3347 1279 3434 potius

170 3459 275 3523 Immo
300 3481 371 3523 curn
392 3456 493 3521 Nonii
514 3458 675 3541 scriptura
699 3457 891 3542 exquisitior
915 3458 969 3540 sit,
993 3458 1148 3525 librorum
1172 3478 1223 3542 qua
1240 3451 1279 3515 ab-

171 3567 274 3631 utitur
302 3564 470 3628 Vahlenus
501 3571 614 3648 aperto
642 3565 766 3630 nitatur
793 3586 900 3629 errore
930 3563 984 3649 (cf.
1009 3565 1081 3630 adn.
1105 3569 1136 3629 ct
1158 3556 1280 3647 append).

172 3676 205 3736 in
240 3673 435 3736 contrariam
467 3674 592 3752 partem
620 3671 681 3735 hoc
712 3671 892 3754 exemplum
923 3672 1019 3736 valet
1066 3671 1126 3737 Oui
1152 3668 1281 3735 Vahlenus

173 3780 310 3842 alterum
346 3777 492 3861 adiungit
526 3776 615 3840 ‘item
650 3780 808 3843 librorum
841 3778 1039 3842 testimoniis
1074 3774 1230 3843 firmatun’
1250 3769 1281 3834 lt

174 3906 304 3965 irrepens
331 3889 454 3948 urrzutor
482 3907 509 3946 v.
533 3884 607 3948 268.
658 3882 707 3947 De
737 3883 947 3948 testimoniis
977 3905 1050 3948 cum
1081 3883 1166 3948 dicut
1190 3879 1284 3945 ridetur

171 3988 274 4052 'BCD
303 3992 496 4073 scripturam
524 4011 584 4072 pro
617 3990 751 4053 diversis
779 3989 961 4071 venditare,
990 3991 1077 4073 quod
1105 3990 1196 4054 nobis
1214 3979 1284 4049 ‘criti-

263 4269 288 4335 *)
308 4272 364 4321 Aut
383 4269 457 4323 ridet
478 4272 526 4323 cut
551 4272 703 4324 contemnit
721 4270 861 4325 l'nhlcnus
876 4287 933 4338 ecs,
953 4271 1001 4339 qui
1021 4271 1101 4327 velut
1119 4270 1147 4324 in
1166 4263 1288 4337 anapaesto

176 4363 200 4395 r.
221 4352 271 4399 204
291 4348 335 4399 vel
356 4366 379 4400 r.
401 4356 452 4402 300
472 4351 618 4404 haereant:
644 4351 699 4404 iam
725 4352 751 4405 A
775 4351 858 4406 docet
885 4351 989 4406 iustam
1018 4351 1105 4407 fuisse
1131 4346 1291 4406 offensionem,

177 4425 229 4476 etsi
249 4426 338 4480 altero
357 4428 418 4484 loco
438 4429 592 4484 remedium
612 4430 851 4500 simplicissimum
871 4432 1021 4487 nemodum
1041 4433 1195 4487 invenerat
