2956 5678
173 1891 194 1968 ξ
220 1890 248 1953 1.
292 1887 343 1980 Ex
368 1886 551 1952 fabularum
575 1888 707 1953 Plauti
734 1888 866 1953 nomine
893 1888 1067 1953 illustrium
1096 1910 1229 1954 numero

79 2016 207 2080 magno
235 1994 486 2060 -ferebantur
518 1997 603 2061 enim
637 1997 696 2060 sub
729 1995 820 2060 illius
852 1996 983 2060 nornine
1013 1999 1096 2059 teste
1125 1995 1230 2062 Gellio

78 2100 152 2187 (ΙΙΙ
175 2101 283 2188 3,11)
307 2102 434 2193 circiter
457 2106 586 2168 eentum
610 2107 708 2187 atque
731 2102 878 2187 triginta,
901 2124 973 2167 cum
995 2101 1126 2167 Servius
1150 2103 1232 2167 alios

80 2208 208 2301 dixisse
231 2231 330 2274 unam
349 2213 383 2273 et
402 2209 520 2296 viginti
545 2231 617 2274 eum
640 2210 770 2275 fabulas
794 2209 961 2294 scripsisse
980 2212 1128 2293 testetur,
1150 2209 1231 2274 alios

78 2316 320 2400 quadraginta,
348 2316 430 2382 elios
463 2319 592 2381 centum
626 2316 680 2403 (ed
709 2315 806 2402 Verg.
831 2315 911 2380 Aen.
935 2315 951 2378 Ι
977 2316 995 2380 1
1020 2339 1050 2400 p.
1069 2317 1099 2400 4,
1121 2315 1161 2380 15
1186 2315 1234 2380 ed.

80 2418 188 2508 Thil.)
215 2457 251 2468 —
278 2421 415 2487 Aelius
448 2420 548 2487 Stilo
581 2423 721 2507 quinque
754 2426 787 2485 et
814 2421 931 2507 viginti
964 2423 1050 2487 solas
1079 2445 1149 2487 esse
1181 2444 1234 2507 ge·

81 2529 204 2592 nuinas
228 2528 440 2612 existimavit,
464 2530 527 2613 quo
550 2529 585 2592 in
612 2550 746 2593 numero
770 2567 813 2576 —
837 2532 965 2612 praeter
988 2529 1114 2592 fabulas
1138 2528 1232 2593 Var·
1279 2608 1283 2616 Ι

80 2635 277 2699 ronianas
303 2672 341 2681 -—
367 2635 467 2700 fuisse
490 2634 803 2701 Faeneratricem
829 2657 867 2698 ex
890 2634 1005 2704 Festo
1031 2658 1060 2718 p.
1079 2637 1144 2697 372
1168 2657 1233 2699 me-

48 2730 60 2746 ’
81 2742 155 2805 rito
176 2742 378 2806 concluditur
394 2738 448 2826 (cf.
469 2741 503 2807 F.
512 2741 639 2821 Maura
660 2743 698 2805 de
713 2742 748 2806 L.
766 2743 856 2806 Aelio
874 2740 998 2806 Stilone
1014 2766 1043 2826 p.
1059 2744 1072 2804 l
1095 2742 1175 2806 Add.
1188 2739 1231 2827 9).

82 2849 259 2924 Quomodo
294 2850 407 2933 reliqui
439 2849 494 2933 qui
527 2850 646 2914 indices
680 2855 929 2932 composuerunt
955 2886 992 2896 —
1019 2847 1233 2932 Sedigitas,

79 2955 243 3038 Accius,
276 2953 474 3037 Maniliae,
507 2954 707 3038 Claudiae,
742 2955 925 3018 Aurelius
952 2992 989 3001 -
1020 2954 1233 3018 iudicaverint

39 3090 60 3117 ο
82 3062 264 3141 nescimus,
286 3062 351 3157 nisi
379 3063 464 3147 quod
489 3062 645 3126 Accium
674 3062 823 3126 reiecisse
846 3057 1075 3146 Agroecum,
1099 3066 1233 3141 Anum,

81 3168 156 3232 Bis
186 3164 458 3253 compressam,
488 3168 706 3251 Boeotiam,
738 3167 1057 3252 Commorientes,
1088 3166 1234 3232 Conda-

79 3277 194 3359 lium,
217 3274 392 3340 Lenones
416 3274 589 3360 geminos
613 3279 753 3339 testatur
776 3268 899 3338 Gellius
924 3272 988 3361 (lll
1006 3273 1089 3359 aa),
1115 3272 1232 3337 Clau·

79 3376 190 3446 diuni
211 3389 319 3446 autem
334 3380 621 3466 Sitellitergum
642 3386 674 3445 et
694 3381 913 3463 Astrabam,
931 3381 1130 3445 Aurelium
1150 3369 1239 3443 deni-¹

79 3486 340 3574 que‚0pilium
359 3488 516 3572 probasse
533 3491 791 3568 Artemonem,
811 3486 1084 3569 Cesistionem,
1104 3487 1235 3551 Frivo-

80 3597 238 3680 lariam,
258 3593 549 3680 Sitellitergum
571 3595 757 3658 testimonia
772 3595 920 3658 videntur
940 3595 1079 3658 indicare
1096 3593 1235 3678 (otllrr-

82 3691 257 3769 tietmarus
281 3703 410 3787 Parerg.
434 3726 465 3787 p.
489 3702 554 3765 243
580 3698 677 3785 adn).
732 3700 876 3776 Quorum
899 3703 1042 3767 uirorum
1067 3722 1165 3783 opera
1188 3701 1234 3763 in·

79 3811 181 3875 nixus
203 3808 326 3875 Varro
351 3808 490 3893 ‘praeter
509 3808 582 3872 illas
601 3830 701 3871 unam
721 3813 754 3871 et
776 3809 892 3892 viginti
912 3832 994 3893 quae
1014 3808 1235 3871 Varronianus

80 3921 251 3996 vocantur,
271 3937 351 4000 quas
375 3915 493 3979 idcirco
516 3938 535 3979 a
553 3916 668 3979 ceteris
693 3916 886 3999 segregavit,
908 3915 1062 4000 quoniam
1082 3914 1235 3977 dubiosae

10 4062 12 4067 ,
78 4045 152 4087 non
181 4025 287 4106 erant,
320 4021 374 4085 sed
407 4044 565 4087 consensu
600 4022 743 4085 omnium
772 4021 879 4086 Plauti
912 4044 981 4085 esse
1015 4021 1237 4098 censebantur,

52 4128 244 4214 ‚cniusdam
268 4129 347 4192 item
372 4129 452 4192 alias
476 4129 627 4212 probavit
646 4127 801 4192 adductus
830 4129 886 4192 filo
911 4132 1008 4212 atque
1032 4128 1150 4191 facetia
1174 4148 1237 4190 ser·

80 4237 194 4302 monis
214 4234 332 4299 Plauto
357 4236 565 4321 congruentis
590 4257 706 4318 easque
730 4234 795 4298 iam
818 4236 1003 4299 nominibus
1029 4234 1166 4297 aliorum
1187 4255 1237 4297 oc-

38 4406 45 4415 ,
76 4347 221 4428 cupatas
240 4341 359 4407 Plauto
384 4341 571 4406 vindicavit’
597 4340 691 4427 (Gell.
712 4341 760 4405 ΙΙΙ
781 4344 810 4424 3,
827 4343 871 4426 3).
905 4341 1028 4406 Harum
1052 4340 1235 4404 fabularum

74 4472 257 4516 nnmerum
281 4448 382 4513 fuisse
405 4449 654 4533 undeviginti
676 4485 717 4495 -
739 4448 862 4513 scilicet
886 4447 1142 4529 Saturionem,
1162 4447 1236 4511 Ad-

73 4558 244 4640 dictum,
259 4555 473 4638 Boeotiam,
494 4555 776 4638 Nervulariam,
796 4554 964 4636 Fretum,
980 4541 1238 4637 Trigeminos,

73 4663 309 4747 Astrabam,
346 4663 567 4727 Parasitum
596 4663 761 4745 pigrum,
784 4661 1002 4725 Parasitum
1038 4660 1236 4742 medicum,

70 4771 412 4849 Commorientes,
440 4768 681 4850 Condalium,
712 4768 885 4833 Lenones
919 4767 1112 4851 geminos,
1145 4765 1237 4830 Fae·

68 4876 334 4963 ueratricem,
367 4874 639 4957 Friuolariam,
674 4873 977 4957 Sitellitergnm,
1017 4872 1237 4956 Fugitivos,
