2956 5678
546 720 806 777 artemonem
1182 724 1242 787 191

16 901 25 915 ·
100 906 202 968 quam
232 906 307 951 raro
339 885 473 951 uomina
505 850 743 953 comoediarhm
774 886 966 969 afferantur,
996 906 1110 951 omnes
1141 891 1248 951 autem
1377 940 1379 944 ,

96 991 163 1056 has
190 991 319 1058 fabulas
341 997 472 1078 praeter
494 992 683 1080 Captiuos
707 997 740 1058 ct
764 992 1086 1076 corniculariam,
1110 1001 1246 1077 quarum

97 1081 235 1164 uomina
257 1120 324 1164 nou
346 1111 527 1184 occurrunt,
551 1101 684 1166 dimidio
710 1101 817 1186 operis
841 1099 930 1165 Festi
955 1121 1055 1184 eoque
1079 1100 1149 1184 igni
1173 1121 1248 1184 gra-

98 1207 187 1271 viter
209 1205 360 1271 mutilato
391 1208 650 1290 commemorari,
673 1205 812 1272 fortasse
843 1208 947 1271 multo
975 1207 1132 1271 maiorem
1156 1207 1247 1271 fabu-

98 1313 209 1378 larum
246 1312 470 1378 Plautinarum
507 1336 676 1378 numerum
711 1317 783 1379 tota
815 1313 905 1378 Festi
937 1315 1078 1397 epitome
1113 1335 1249 1378 commc-

97 1423 268 1485 moratum
289 1417 393 1509 fuisse.
413 1442 479 1485 nou
504 1421 573 1485 sine
598 1421 829 1505 probabilitate
854 1421 1100 1506 suspicabimur.
1147 1420 1247 1485 Porro

98 1548 178 1592 cum
201 1525 318 1592 Festus
342 1527 507 1613 epitomen
526 1527 677 1593 Verriani
697 1528 804 1611 operis
827 1528 948 1611 fecerit,
968 1528 1071 1592 multo
1093 1527 1247 1591 maiorem

95 1636 136 1698 et
153 1632 338 1705 fabularum
356 1637 389 1697 et
407 1633 553 1699 locorum
569 1633 793 1698 Plautinorum
807 1654 977 1696 numerum
997 1631 1080 1716 apud
1097 1630 1247 1696 Verrium

98 1738 255 1805 Flaccum
273 1739 381 1824 ipsum
401 1741 564 1805 exstitisse
582 1740 651 1807 reri
670 1741 774 1805 simila
794 1738 868 1804 est'.
894 1736 1045 1804 Ceterum
1064 1740 1159 1822 longe
1177 1739 1247 1821 plu·
1337 1762 1341 1768 ·

95 1845 185 1910 rima
203 1867 315 1912 eorum
334 1869 416 1931 quae
435 1847 521 1931 apud
540 1846 698 1912 Paulum
719 1847 851 1911 suntad
871 1844 1046 1927 Festum·
1060 1867 1141 1929 quae
1161 1846 1246 1929 apud

96 1951 199 2036 hunc,
214 1952 443 2031 adVerrium
458 1955 621 2038 pertinere
635 1976 707 2019 cnm
722 1954 834 2018 eodem
849 1953 1057 2017 Lumourno
1072 1951 1177 2016 iudico
1193 1950 1247 2038 (de

93 2059 227 2123 ratione
251 2082 332 2145 quae
362 2061 446 2124 iuter
470 2059 628 2125 Paulum
653 2065 686 2125 et
708 2060 862 2125 Festum
886 2059 1056 2123 intercedit
1082 2058 1120 2122 cf.
1145 2060 1243 2123 etiarn

93 2163 135 2230 Ο.
158 2163 270 2245 Nasu,
301 2167 340 2231 de
366 2166 467 2232 Paulo
494 2165 582 2232 Diae.
607 2167 643 2230 F.
667 2169 894 2252 spitametam,
920 2161 1029 2251 1891).
1074 2164 1246 2229 Eximendi

94 2275 179 2335 suut
203 2271 274 2352 loci,
297 2276 335 2338 ut
358 2271 484 2338 Servii
508 2273 548 2337 ad
573 2270 691 2359 Georg.
714 2273 762 2338 IV
785 2274 865 2338 497:
893 2295 968 2336 nam
992 2272 1091 2335 rerba
1115 2271 1244 2334 Plauti

94 2400 119 2443 a
148 2375 285 2444 Servio
310 2384 461 2464 corrupta
484 2384 518 2444 et
541 2402 578 2445 ex
604 2379 760 2446 Serviano
783 2379 1017 2471 commentario
1046 2378 1154 2442 nescio
1179 2399 1242 2462 quo

94 2485 198 2551 modo
229 2487 263 2551 iu
287 2486 398 2551 Pauli
429 2487 550 2552 librum
582 2488 704 2552 tralata
737 2510 808 2552 cum
832 2487 1040 2551 Luruonrno
1069 2509 1099 2568 p.
1119 2485 1184 2548 202
1212 2488 1245 2547 et

92 2591 314 2659 Rnscnruo
341 2595 381 2658 ad
405 2593 502 2660 Most.
525 2618 553 2660 v.
573 2596 637 2660 218
654 2618 700 2679 sq.
731 2597 846 2660 merito
870 2593 1036 2659 contendit
1061 2592 1244 2656 asennaa

92 2716 241 2764 marrus
271 2697 326 2786 (de
349 2702 527 2785 priscorum
553 2703 747 2786 scriptorum
776 2703 856 2767 locis
887 2725 906 2765 a
930 2698 1040 2785 Servio
1069 2700 1177 2763 allatis
1202 2729 1243 2750 =

93 2805 223 2871 Comm.
247 2805 314 2871 len.
336 2806 384 2872 IV
407 2831 437 2892 p.
456 2805 547 2894 375),
571 2809 660 2873 cuius
685 2808 1001 2894 argumentationem
1027 2804 1243 2870 Scnonmnvs

91 2911 141 2977 ad
164 2912 262 2979 Most
284 2936 314 2979 r.
333 2915 398 2979 218
414 2937 460 2998 sq.
484 2915 642 2998 probavit.
667 2952 710 2962 -
733 2915 913 2979 Verrium
938 2912 1114 2978 Flaccum
1143 2918 1175 2977 et
1206 2935 1243 2976 ex

92 3019 264 3086 codicibus
297 3021 445 3087 hausisse
478 3024 582 3087 multa
612 3027 645 3087 et
673 3045 710 3087 cx
739 3023 952 3107 scriptoribus
981 3021 1035 3105 qui
1063 3026 1139 3085 ante
1170 3043 1243 3084 eum

93 3128 306 3212 quaestiones
343 3130 574 3215 grammaticas
602 3134 831 3194 tractaverant
868 3131 933 3193 iam
972 3135 1070 3211 supr'a
1106 3151 1243 3193 comme-

92 3236 234 3300 moravi.
259 3234 380 3311 Quodsi
399 3235 722 3302 Rurrzansrulnlvs
743 3233 1126 3322 (‘Ver1·.F0rschungen'
1146 3259 1176 3320 p.
1186 3234 1242 3320 63)

93 3342 282 3425 suspicatur
310 3344 438 3427 glossas
470 3343 675 3408 Plautinas
704 3365 784 3428 quac
814 3345 846 3406 in
875 3344 1108 3426 posterioribus
1134 3341 1244 3406 Pauli

92 3449 150 3513 vel
167 3447 276 3513 Festi
295 3451 443 3533 partibus
463 3452 588 3534 positae
608 3456 724 3531 essent,
744 3472 781 3514 ex
801 3450 1092 3514 commentariis
1113 3450 1243 3512 fluxisse

94 3591 138 3602 -
170 3577 266 3639 quam
301 3559 495 3622 senteutiam
530 3558 648 3640 probat
680 3556 838 3623 Oscanvs
874 3557 1043 3622 Fuoaflnn
1075 3556 1129 3642 (dc
1159 3556 1243 3620 Non.

93 3661 250 3727 Marcet
272 3662 385 3729 Ver'rio
409 3664 455 3728 ΕΙ.
480 3687 509 3748 p.
529 3661 587 3751 20)
603 3703 643 3711 -
665 3664 703 3729 de
728 3687 865 3749 quorum
888 3665 1056 3728 hominum
1081 3685 1239 3726 commen-

92 3769 190 3834 tariis
214 3771 409 3855 cogitaverit
437 3772 486 3834 vir
510 3771 716 3836 doctissimus
745 3794 810 3836 uon
838 3773 918 3837 satis
947 3793 1111 3855 assequor.
1158 3769 1242 3832 Nam

90 3899 135 3942 ue
161 3875 350 3942 Sisennae
369 3878 500 3962 quidam
520 3880 786 3943 commentarium
807 3880 931 3963 priscae
952 3879 1052 3943 aetati
1077 3877 1241 3958 adsignari

90 4005 192 4069 posse
217 3984 375 4048 existimo.
395 4019 436 4030 -
463 3984 509 4048 Dc
534 3985 669 4068 singulis
693 3985 773 4049 locis
797 4009 852 4050 cur
877 3986 1056 4051 accuratius
1081 3985 1241 4065 disputem

90 4113 164 4156 uon
180 4112 250 4155 esse
269 4095 363 4175 puto:
382 4091 462 4155 illud
479 4114 602 4174 moneo,
616 4092 782 4156 Wnrrurn
803 4094 1023 4158 coniecturam
1043 4088 1087 4176 (p.
1099 4086 1242 4172 82sqq.),

89 4221 161 4283 qua
195 4219 302 4263 errore
331 4197 437 4262 Festi
459 4199 510 4262 vel
535 4200 643 4281 potius
673 4197 803 4263 Verrii
833 4200 896 4263 duo
927 4200 1051 4263 Stichi
1084 4219 1196 4261 versus
1225 4218 1242 4258 e

88 4304 329 4370 Neruolaria
354 4304 527 4369 adferentis
558 4302 602 4392 (p.
624 4306 697 4387 169,
719 4308 755 4369 11
782 4310 815 4369 et
842 4307 912 4390 197,
932 4303 988 4389 20)
1021 4307 1139 4369 abusus
1168 4306 1241 4368 illos

86 4432 208 4476 versus
231 4432 343 4476 revera
366 4410 621 4503 Neruolariae
646 4412 814 4495 adscribit,
848 4411 1020 4476 Stichum
1051 4416 1159 4477 autem
1187 4435 1242 4476 no·

87 4522 200 4583 stram
220 4540 239 4581 a
257 4522 473 4582 retractatore
493 4541 530 4583 ex
550 4517 685 4582 Sticho
705 4519 845 4603 genuina
864 4523 896 4582 ct
915 4516 1149 4582 Neruolaria
1169 4541 1242 4582 con-

86 4627 258 4691 cinnatam
284 4646 355 4689 esse
380 4626 573 4709 suspicatur,
593 4626 708 4689 idoneo
733 4625 943 4689 fundamento
968 4647 1134 4688 carcre-
1149 4622 1240 4688 Cete-

84 4755 166 4798 rum
191 4753 231 4795 ex
255 4731 393 4796 Verrio
418 4731 556 4797 Flacco
581 4734 675 4796 multi
707 4716 896 4813 hauserunt,
920 4734 1009 4797 velut
1033 4729 1241 4796 Suetonius

82 4840 177 4927 apud
190 4838 391 4903 Priscianum
402 4838 573 4927 I(G.L.ll)
585 4863 613 4923 p.
622 4842 683 4904 231
695 4838 748 4925 (cf.
758 4840 1099 4903 lnxnruuscunmvs
1108 4864 1138 4924 p.
1146 4838 1241 4923 348):
