2940 5062
584 336 812 395 FRAGMENTA

663 626 721 701 .ss

155 826 528 903 FRAGMENTA
559 822 943 899 FABVLARVM
972 820 1246 896 PRAETER

476 946 919 1025 VARRONIANAS

253 1147 270 1211 1
309 1142 584 1210 FRAGMENTA
608 1139 882 1206 FABVLARVM
906 1138 1148 1207 OERTARVM

563 1293 828 1352 AGRARISTIO
1224 1275 1228 1282 ’

693 1461 705 1512 l

127 1571 232 1648 Quem
257 1592 321 1656 ego
344 1576 438 1636 tanta
461 1570 638 1654 psdperani
662 1573 719 1653 pe'r
742 1571 850 1635 dolum
875 1571 1017 1654 pontinia.

689 1727 716 1781 11

124 1879 144 1907 υ
161 1874 179 1905 ι
204 1860 322 1924 panem
346 1842 381 1943 et
403 1839 583 1922 polintam,
606 1838 733 1920 uinum,
758 1837 945 1901 murrinam.

572 2105 578 2115 ¹
595 2139 810 2205 snmocvs

126 2285 219 2371 Opus
244 2285 349 2350 ficere
372 2284 471 2349 nimio
495 2283 591 2367 quim
616 2283 754 2347 dormire
778 2283 920 2347 minoio:

125 2390 307 2482 veternum
331 2395 449 2455 metuo.

219 2617 426 2675 ACHABIST
426 2619 470 2674 10
483 2618 520 2688 (²)
538 2618 550 2670 1
569 2618 680 2673 Nonius
694 2636 724 2688 p.
737 2623 799 2684 157,
810 2625 840 2673 3:
860 2619 999 2688 Pauperat
1015 2622 1067 2689 (ita
1082 2621 1276 2691 Quieterotres:

126 2697 301 2767 Perperenis
325 2699 425 2767 codd),
452 2697 482 2752 id
509 2701 554 2753 est
580 2715 730 2833 passerem
756 2699 831 2754 iacit.
875 2698 1014 2754 Plantns.
1036 2745 1041 2756 .
1064 2701 1160 2756 .idem
1185 2699 1275 2754 Acba·
1338 2750 1341 2760 ,

129 2777 252 2832 ristione
271 2771 450 2846 (acarietione
465 2777 536 2844 HG,
555 2778 630 2832 acori
659 2777 725 2832 udio
740 2777 780 2831 L:
799 2781 833 2845 εί.
854 2779 1020 2834 Ritecbelius
1034 2782 1276 2851 Pnrerp.p.105):

129 2859 277 2925 ‘Quam
297 2855 501 2927 ..pecnnia’
559 2862 582 2912 1.
603 2857 639 2926 (*)
658 2857 683 2909 11
702 2858 814 2913 Plinius
832 2858 900 2914 Not.
915 2860 989 2914 Hist.
1005 2860 1084 2915 XIV
1096 2865 1148 2915 92:
1167 2861 1276 2914 Lautis·

129 2938 204 2992 sima
233 2937 308 3007 apud
331 2938 438 3008 priscos
463 2938 528 2992 nina
551 2941 632 2991 erant
654 2953 763 2991 murrae
787 2938 871 2993 odore
899 2939 1025 3005 condita,
1048 2944 1080 2995 ut
1102 2941 1221 3010 apparet
1247 2940 1275 2994 in

128 3017 228 3072 Plauti
252 3016 350 3072 tabula
373 3033 445 3086 qnae
468 3016 552 3071 Persa
575 3016 735 3071 inscribitur
762 3021 921 3087 (=v.·88),
951 3036 1119 3088 quamquam
1143 3018 1173 3073 in
1196 3035 1230 3074 ea
1249 3021 1278 3075 et

131 3097 273 3152 calamum
292 3097 359 3151 addi
376 3097 463 3153 iubet.
500 3097 564 3152 ideo
588 3096 701 3166 qnidam
726 3097 874 3152 aromatite
898 3099 1052 3154 delectatos
1079 3099 1199 3154 maxime
1219 3117 1277 3154 ore·

128 3179 209 3232 dunt.
248 3177 297 3231 sed
317 3176 420 3232 Fabius
436 3177 594 3232 Dossennus
613 3177 657 3230 his
676 3177 803 3232 uersibus
826 3180 964 3233 decernit:
994 3180 1157 3234 ‘mittebam
1180 3180 1277 3234 uinum

129 3256 283 3328 pulchrum
311 3257 485 3326 murrinam’,
514 3260 543 3310 et
570 3257 599 3310 in
622 3257 830 3312 Acharistione:
859 3258 1013 3314 ‘Panem
1030 3303 1035 3315 .
1052 3258 1276 3318 murrinam’,

130 3335 301 3392 Scaeuolam
321 3353 432 3407 qnoque
452 3339 482 3391 et
500 3336 529 3391 L.
549 3336 659 3392 Aelium
684 3338 713 3390 et
732 3339 842 3391 Ateium
863 3338 1027 3408 Capitonem
1046 3339 1076 3391 in
1100 3339 1197 3391 eadem
1217 3356 1276 3392 sen-

128 3418 225 3473 sentia
252 3415 339 3471 fnisse
364 3417 460 3484 uideo,
489 3417 619 3485 qnoniam
648 3418 676 3471 in
704 3415 841 3472 Pseudolo
869 3419 907 3471 sit
934 3423 968 3485 (v.
984 3421 1111 3487 740qu
1140 3417 1225 3486 ‘qnod
1254 3419 1277 3471 si

126 3515 202 3568 opus
225 3498 270 3552 est
288 3500 321 3551 nt
338 3497 421 3552 dulce
439 3500 551 3566 promat
568 3496 706 3564 indidem,
725 3496 824 3566 ecquid
844 3499 948 3553 babet?
975 3499 1086 3567 Rogas?
1117 3497 1277 3565 murrinam,

126 3594 259 3649 passum,
289 3577 445 3647 defrutum,
478 3578 597 3632 mella?'
628 3578 728 3646 qnibns
761 3580 880 3647 apparet
912 3595 967 3631 non
994 3578 1068 3631 inter
1100 3576 1166 3630 nina
1194 3575 1276 3629 modo

126 3657 298 3725 murrinam,
325 3657 374 3711 sed
397 3657 472 3712 inter
498 3657 593 3711 dulcia
624 3674 734 3726 quoqne
767 3659 940 3712 nominatum
1036 3656 1077 3724 Ofi
1112 3655 1278 3710 Bitscbciias

128 3739 249 3807 Posery.
274 3738 366 3806 praes.
382 3754 411 3806 p.
430 3737 525 3804 XIII,
547 3737 836 3807 Opusc.IIIp.177,
856 3739 1006 3793 Setoellius
1025 3739 1062 3792 od
1081 3737 1181 3790 Persae
1199 3753 1223 3790 v.
1239 3741 1277 3790 38

207 3822 233 3872 2.
262 3817 354 3870 nisum
374 3817 404 3871 D
476 3818 599 3872 murrina
617 3817 648 3871 E
664 3817 701 3886 (⁴³)

221 3895 430 3951 ADDIOTVS
443 3896 481 3966 (⁸)
529 3898 634 3953 Gellius
647 3894 705 3951 ΙΙΙΙ
715 3903 803 3965 3,1s.·
822 3898 876 3953 Sed
891 3898 966 3952 enim
981 3895 1157 3950 Saturionem
1171 3898 1200 3951 et
1214 3897 1278 3950 Ad·

125 3976 261 4032 diotnm
281 3976 310 4028 et
328 3975 442 4029 tertiam
460 3977 609 4045 quandam,
624 3979 702 4032 cuins
721 3996 794 4033 nuno
813 3980 882 4033 mihi
902 3994 1003 4032 nomen
1022 3994 1077 4030 non
1096 3975 1230 4046 subpetit,
1249 3978 1277 4032 in

124 4055 251 4129 pistrino
270 4072 333 4109 enm
354 4056 497 4125 scripsisse
512 4057 599 4111 Varro
619 4047 649 4112 et
666 4058 793 4127 plerique
812 4059 862 4112 olii
880 4057 1032 4112 memoriae
1051 4055 1276 4113 tradiderunt...

202 4135 317 4191 Seruius
335 4137 373 4191 od
395 4135 474 4207 Vero.
496 4136 593 4208 Georp.
612 4139 633 4190 I
643 4143 712 4193 124:
736 4139 859 4193 Veterno
889 4135 1019 4207 pigritia:
1047 4152 1113 4189 nam
1132 4137 1278 4189 ueternum

125 4216 236 4272 dicitur
260 4215 372 4271 morbus
396 4213 534 4280 intercus,
563 4217 591 4270 id
621 4218 664 4271 est
687 4213 801 4286 ὕδρωψ,
830 4217 878 4285 qni
906 4216 1033 4269 homines
1061 4215 1148 4269 efficit
1175 4215 1279 4283 pigros.

126 4299 269 4351 ‘intercus
296 4293 466 4351 intercutis’.
503 4299 583 4365 (oseae
605 4303 734 4352 secuntur
758 4297 847 4352 Servii
869 4296 1003 4366 plenioris
1031 4297 1105 4362 sunt)
1134 4294 1280 4362 (Veterno)

127 4376 207 4444 otio,
235 4375 304 4444 quia
321 4375 486 4445 plerumque
509 4377 614 4431 otiosos
638 4378 712 4431 solet
735 4376 780 4430 hio
806 4377 918 4432 morbus
937 4377 1085 4429 incessere:
1116 4372 1231 4429 Plautus
1250 4374 1280 4428 in

128 4454 271 4512 Addicto:
292 4454 416 4524 ‘0pus,
432 4499 439 4512 .
454 4458 600 4512 .metno'
692 4463 756 4528 seq.
775 4456 811 4526 (⁸)
