2940 5062
181 315 271 370 XVlll
655 311 862 367 PRAEFATIO

178 476 295 563 tiae*):
319 500 392 540 nam
410 476 542 559 propius
558 474 638 538 haec
656 475 769 539 fabula
789 473 830 538 ad
849 476 1006 541 tricarum
1026 497 1131 561 genus
1147 475 1340 562 (Schwank)

179 584 302 649 accedit
330 605 426 667 quam
456 582 493 645 ad
527 582 645 645 iustam
675 581 874 645 comoediam
898 579 1095 669 (meismet).
1144 583 1220 660 Qua
1245 585 1282 650 in
1305 608 1339 649 re

178 714 273 754 nemo
297 689 430 775 gravius
451 688 595 772 peccavit
619 709 715 770 quam
735 686 1004 774 Sonneuburgius
1029 712 1248 776 quaecunque
1273 692 1336 756 dis·

178 797 298 881 plicere
322 817 417 879 posse
441 793 610 857 videantur
634 793 673 857 ad
698 793 956 879 dittographiam
980 817 1138 861 revocans
1163 799 1335 863 nonnullis

178 928 256 970 sane
281 904 359 968 locis
384 901 637 985 apertissimam:
662 921 699 963 ac
722 901 910 985 plerumque
934 901 989 964 ille
1013 903 1061 966 ita
1085 904 1171 988 agit,
1199 909 1239 968 nt
1263 909 1332 970 tan-

178 1033 275 1096 quam
304 1010 424 1073 circino
454 1008 561 1090 potius
591 1028 687 1091 quam
717 1008 793 1071 stilo
823 1008 1079 1072 adumbraudam
1104 1031 1178 1074 esse
1202 1032 1331 1078 comoe-

178 1119 263 1183 diam
297 1118 449 1200 postulet.
504 1115 617 1198 Itaque
651 1114 808 1198 quaedam
843 1121 936 1179 acute
970 1120 1121 1200 recteque
1155 1117 1330 1184 observata

177 1225 261 1289 nube
286 1246 431 1288 errorum
455 1221 674 1286 circumdedit.
720 1220 808 1296 Quos
833 1244 904 1286 cum
928 1222 1102 1307 plerosque
1127 1223 1328 1290 Ribbeckius

177 1333 414 1416 Langenusque
434 1328 555 1412 optime
575 1327 835 1411 perstrinxerint,
858 1328 941 1392 alios
961 1329 1074 1411 paucis
1094 1329 1129 1393 in
1149 1332 1327 1415 appendice

176 1461 236 1502 nos
260 1437 476 1522 tetigerimus,
499 1435 597 1498 nolim
622 1434 683 1498 hoc
708 1434 779 1498 loco
803 1434 897 1517 plura
921 1434 1127 1519 subiungere.

266 1544 355 1609 luter
379 1564 434 1607 eos
459 1543 513 1626 qui
530 1545 608 1625 'post
626 1539 842 1603 Ritschelium
866 1538 949 1604 hane
974 1541 1118 1605 fabulam
1143 1547 1326 1609 tractarunt

177 1653 295 1717 iniuria
318 1672 449 1734 prorsus
477 1647 627 1733 neglecta
658 1647 758 1711 iacuit
781 1645 920 1730 Kayseri
944 1669 1082 1712 censura
1105 1648 1225 1716 Annal.
1251 1651 1324 1716 Hei·

176 1758 316 1842 delberg.
340 1755 477 1836 XLVII,
508 1778 535 1819 a.
561 1754 663 1836 1854,
694 1776 724 1836 p.
747 1754 906 1837 414sqq.,
938 1775 1001 1836 qua
1023 1756 1184 1821 nonnulla
1208 1759 1322 1823 saltem

176 1866 257 1928 bene
292 1863 426 1927 monuit.
473 1861 585 1947 Longe
618 1859 741 1923 maiora
770 1861 890 1942 partim
924 1863 1174 1925 commentando
1206 1865 1322 1947 partim

175 1969 374 2035 emendando
408 1974 537 2052 praeter
571 1966 759 2049 Langenum
794 1965 1072 2050 Ribbeckiumque
1106 1991 1189 2053 quos
1230 1971 1321 2036 modo

174 2077 424 2142 commemoravi
444 2075 678 2158 praestiterunt
693 2070 831 2150 Brixius,
851 2075 884 2135 C.
900 2072 936 2138 F.
953 2072 1003 2136 W.
1020 2073 1207 2158 Muellerus,
1222 2075 1320 2161 Spen-

173 2187 289 2270 gelius,
307 2183 490 2266 Vsaingius,
511 2179 684 2260 Vahlenus,
705 2178 770 2242 alii.
817 2178 1016 2263 Quamquam
1037 2181 1195 2265 pleraque
1214 2185 1318 2248 minus

173 2297 259 2357 recte
288 2314 359 2356 cum
389 2290 444 2352 alii
473 2286 742 2352 administrarant
775 2290 843 2347 tum
869 2283 1050 2370 Vahlenus,
1077 2288 1140 2352 etsi
1168 2311 1226 2373 per
1250 2290 1318 2375 plus

172 2421 268 2482 quam
293 2397 408 2482 viginti
433 2415 535 2458 annos
559 2393 633 2456 huic
657 2390 796 2453 maxime
820 2390 951 2455 fabulae
974 2392 1162 2458 continuam
1187 2417 1316 2481 operam

172 2505 313 2570 navavit.
360 2502 407 2567 De
436 2502 526 2566 cuius
554 2498 695 2564 editione
725 2498 828 2561 obiter
855 2496 1092 2584 compilata**)
1122 2522 1197 2565 cum
1226 2501 1317 2587 ‘phil

171 2679 374 2735 Messenionem
402 2694 464 2731 saro
492 2676 639 2730 advorsum
667 2671 763 2726 venire
791 2669 861 2725 dicit
889 2689 939 2740 pro
967 2672 1083 2737 negotio
1112 2675 1316 2744 imperato:‘at

170 2760 266 2830 quidni
291 2760 439 2815 tabernam
461 2757 540 2810 illam
566 2753 676 2824 longius
700 2753 798 2805 abesse
824 2760 984 2806 sumamus?
1010 2753 1161 2808 Praeterea
1182 2757 1259 2812 ‘ante
1278 2774 1313 2811 so-

171 2842 227 2895 lem
247 2840 387 2895 occasum’
413 2838 494 2892 illum
518 2837 613 2891 venire
638 2850 700 2887 erus
725 2831 856 2897 iusserat,
881 2849 944 2886 cum
969 2834 1030 2902 ipsu
1049 2833 1147 2888 fabula
1167 2838 1221 2890 sub
1240 2839 1313 2892 meri·

171 2922 245 2974 diem
265 2919 389 2988 incipiat.
429 2917 555 2985 Denique
575 2915 693 2969 miratur
712 2914 748 2980 (p.
762 2914 823 2980 158)
843 2913 916 2978 quod
938 2912 1162 2968 Menaechmusl
1182 2917 1313 2972 familiam

172 3001 384 3069 Syracusanam,
404 3016 437 3052 ex
456 3013 555 3066 quase
575 2998 666 3051 ortum
686 3008 746 3047 esse
766 2994 851 3060 probe
867 2995 946 3058 sciat,
966 2994 1050 3062 plane
1071 3011 1126 3048 uon
1147 2999 1269 3052 curavit:
1287 3001 1313 3050 nt

170 3081 240 3134 bene
259 3079 302 3133 illi
322 3081 366 3134 est
384 3078 542 3149 Epidamni,
562 3077 609 3145 qui
626 3074 736 3130 omnino
753 3072 824 3124 diem
847 3076 946 3141 carpat
964 3072 1048 3127 homo
1069 3072 1158 3128 levior
1179 3077 1311 3132 lascivior-

169 3178 231 3230 que.
268 3158 348 3213 Talia
376 3177 437 3213 curn
465 3156 627 3228 responderi
655 3154 777 3224 possint,
802 3152 905 3205 rectius
930 3153 1042 3207 omnino
1067 3170 1123 3207 non
1149 3157 1311 3223 quaerimus,

169 3257 240 3308 quae
259 3240 305 3304 vix
325 3239 482 3306 offendunt,
507 3238 530 3291 si
554 3238 686 3292 nontam
706 3232 818 3301 singula
847 3232 984 3285 curiosius
1004 3235 1206 3304 expendimus,
1235 3253 1309 3306 qaam

168 3320 260 3391 lepide
279 3320 426 3389 virideque
445 3319 569 3375 fabulam
589 3314 757 3386 peragimus.

256 3399 280 3468 *)
300 3401 361 3454 Huc
386 3399 509 3469 pertinet
532 3397 606 3466 quod
630 3399 745 3463 uterque
766 3394 852 3447 frater
882 3410 955 3461 quae
975 3410 1024 3462 per
1043 3396 1174 3463 apertum
1194 3412 1306 3452 errorem

167 3481 290 3552 accipiat
318 3481 344 3533 in
374 3498 453 3533 usum
483 3479 642 3533 convertere
677 3473 738 3528 vult
767 3472 973 3542 improbissimo
1009 3474 1170 3543 (Langenns
1197 3497 1223 3547 p.
1253 3482 1307 3541 151)

166 3562 298 3631 quodque
317 3560 446 3614 Matrona
474 3559 558 3612 ‘idem
582 3556 656 3626 quod
677 3570 786 3623 semper
810 3553 889 3605 lacit’
917 3554 989 3606 male
1013 3551 1103 3606 virum
1125 3556 1247 3621 babens,
1269 3557 1306 3610 vel

166 3659 229 3695 cum
262 3640 361 3695 fecisse
395 3640 524 3693 videatur
551 3654 622 3705 quae
652 3635 772 3688 iusserat
805 3632 1043 3702 (sonnanburgius
1072 3653 1097 3703 p.
1129 3641 1181 3705 20,
1210 3639 1305 3706 Lange·

165 3741 216 3775 nus
245 3742 261 3776 r.
284 3724 354 3789 152).

236 3741 296 3866 Ι**)
316 3801 445 3854 Ceterum
461 3799 573 3852 tandem
590 3795 741 3862 aliquando
756 3795 869 3864 publice
883 3794 1119 3864 pronuntiandum
1133 3802 1186 3867 cst,
1203 3801 1254 3854 etsi
1272 3800 1303 3852 le·

165 3898 214 3947 ges
234 3899 287 3933 non
311 3878 467 3950 impediant
490 3910 520 3918 —
541 3878 614 3944 quod
634 3892 700 3929 saue
720 3877 871 3932 dolendum
891 3909 934 3943 -,
952 3892 1050 3945 pamm
1081 3877 1228 3934 honestam
1251 3896 1303 3934 esse

166 3976 261 4011 eorum
277 3961 422 4026 rationem,
442 3959 490 4027 qui
505 3957 669 4012 collationes
685 3957 774 4010 multo
790 3956 886 4011 labore
901 3971 1058 4026 magnoque
1079 3955 1223 4027 impendio
1238 3978 1302 4015 com·

164 4042 277 4103 paratas
300 4037 378 4091 nulla
404 4040 487 4093 venia
511 4054 601 4107 neque
625 4036 661 4089 ab
685 4035 840 4090 editoribus
864 4054 953 4104 neque
974 4052 990 4088 a
1010 4036 1235 4105 redemptoribus
1257 4040 1301 4093 im·

164 4118 275 4184 patrata
294 4122 429 4186 perpetuo
449 4117 618 4181 exscribant,
643 4116 753 4170 etiamsi
778 4115 806 4168 iu
832 4116 940 4184 potiore
966 4133 1048 4184 qnam
1070 4116 1168 4170 dicunt
1188 4119 1300 4173 lectione

164 4216 192 4249 se
218 4196 386 4251 contineant.
425 4197 596 4252 Ribbeckius
621 4213 704 4262 sanc,
734 4196 778 4249 cui
803 4213 850 4249 uos
883 4194 937 4263 ipsi
962 4195 1028 4249 laeti
1055 4195 1183 4251 lubentes
1213 4199 1299 4268 copisa

163 4278 353 4331 commisimus
374 4278 477 4347 quique
496 4277 593 4332 eodem
614 4292 668 4344 quo
687 4293 737 4330 nos
752 4277 928 4343 redemptore
945 4293 1008 4328 usus
1029 4277 1079 4341 est,
1099 4275 1193 4330 noluit
1213 4284 1298 4331 tamen

162 4352 245 4408 aliter
264 4357 397 4411 aclhibere
417 4376 500 4426 quam
521 4357 627 4425 quivis,
653 4357 700 4423 qui
719 4357 835 4409 honeste
855 4355 1037 4421 modesteque
1056 4358 1182 4408 uteretur
1202 4356 1298 4425 paratis

162 4437 189 4486 in
210 4450 384 4490 communem
405 4456 493 4491 usum.
533 4437 586 4490 Sed
607 4436 689 4488 aliter
709 4434 834 4489 sentiunt
852 4433 1009 4503 Ribbeckii,
1029 4433 1111 4487 aliter
1133 4466 1162 4473 -
1186 4435 1245 4493 alii.
