<?xml version="1.0" encoding="UTF-8"?>
<!DOCTYPE html PUBLIC "-//W3C//DTD XHTML 1.0 Transitional//EN"
    "http://www.w3.org/TR/xhtml1/DTD/xhtml1-transitional.dtd">
<html xmlns="http://www.w3.org/1999/xhtml" xml:lang="en" lang="en">
 <head>
  <title>
</title>
<meta http-equiv="Content-Type" content="text/html;charset=utf-8" />
  <meta name='ocr-system' content='tesseract 3.04.00' />
  <meta name='ocr-capabilities' content='ocr_page ocr_carea ocr_par ocr_line ocrx_word'/>
</head>
<body>
  <div class='ocr_page' id='page_1' title='image "./tmacciplauticom00schgoog_0208.png"; bbox 0 0 2956 5678; ppageno 0'>
   <div class='ocr_carea' id='block_1_1' title="bbox 738 44 1004 410">
    <p class='ocr_par' dir='ltr' id='par_1_1' title="bbox 738 44 1004 410">
     <span class='ocr_line' id='line_1_1' title="bbox 1001 44 1004 53; baseline 0 0"><span class='ocrx_word' id='word_1_1' title='bbox 1001 44 1004 53; x_wconf 72' lang='lat' dir='ltr'>r</span> 
     </span>
     <span class='ocr_line' id='line_1_2' title="bbox 968 278 976 291; baseline 0 0"><span class='ocrx_word' id='word_1_2' title='bbox 968 278 976 291; x_wconf 73' lang='grc' dir='ltr'><strong>θ</strong></span> 
     </span>
     <span class='ocr_line' id='line_1_3' title="bbox 738 403 742 410; baseline 0 0"><span class='ocrx_word' id='word_1_3' title='bbox 738 403 742 410; x_wconf 76' lang='grc' dir='ltr'>ι</span> 
     </span>
    </p>
   </div>
   <div class='ocr_carea' id='block_1_2' title="bbox 547 625 774 681">
    <p class='ocr_par' dir='ltr' id='par_1_2' title="bbox 547 625 774 681">
     <span class='ocr_line' id='line_1_4' title="bbox 547 625 774 681; baseline 0 -3"><span class='ocrx_word' id='word_1_4' title='bbox 547 625 774 681; x_wconf 77' lang='lat' dir='ltr'><strong>FRAGMENTA</strong></span> 
     </span>
    </p>
   </div>
   <div class='ocr_carea' id='block_1_3' title="bbox 188 785 691 924">
    <p class='ocr_par' dir='ltr' id='par_1_3' title="bbox 188 785 691 924">
     <span class='ocr_line' id='line_1_5' title="bbox 381 785 691 840; baseline -0.003 0"><span class='ocrx_word' id='word_1_5' title='bbox 381 798 386 806; x_wconf 88' lang='grc'><em>“</em></span> <span class='ocrx_word' id='word_1_6' title='bbox 643 785 691 840; x_wconf 91' lang='lat' dir='ltr'>LV</span> 
     </span>
     <span class='ocr_line' id='line_1_6' title="bbox 188 859 363 924; baseline -0.006 0"><span class='ocrx_word' id='word_1_7' title='bbox 188 859 363 924; x_wconf 82' lang='lat' dir='ltr'>Butubette</span> 
     </span>
    </p>
   </div>
   <div class='ocr_carea' id='block_1_4' title="bbox 633 979 790 1034">
    <p class='ocr_par' dir='ltr' id='par_1_4' title="bbox 633 979 790 1034">
     <span class='ocr_line' id='line_1_7' title="bbox 633 979 790 1034; baseline 0.006 -1"><span class='ocrx_word' id='word_1_8' title='bbox 633 979 693 1034; x_wconf 98' lang='lat' dir='ltr'>LVI</span> <span class='ocrx_word' id='word_1_9' title='bbox 784 1011 790 1021; x_wconf 92' lang='lat'><strong>·</strong></span> 
     </span>
    </p>
   </div>
   <div class='ocr_carea' id='block_1_5' title="bbox 91 1084 982 1263">
    <p class='ocr_par' dir='ltr' id='par_1_5' title="bbox 91 1084 982 1263">
     <span class='ocr_line' id='line_1_8' title="bbox 248 1084 801 1181; baseline -0.004 -25"><span class='ocrx_word' id='word_1_10' title='bbox 248 1130 268 1156; x_wconf 68' lang='lat' dir='ltr'>o</span> <span class='ocrx_word' id='word_1_11' title='bbox 286 1124 302 1156; x_wconf 68' lang='grc' dir='ltr'>ι</span> <span class='ocrx_word' id='word_1_12' title='bbox 320 1131 340 1157; x_wconf 70' lang='lat' dir='ltr'>o</span> <span class='ocrx_word' id='word_1_13' title='bbox 356 1148 374 1158; x_wconf 89' lang='lat'>.</span> <span class='ocrx_word' id='word_1_14' title='bbox 391 1129 411 1157; x_wconf 73' lang='grc' dir='ltr'><strong>υ</strong></span> <span class='ocrx_word' id='word_1_15' title='bbox 433 1084 527 1173; x_wconf 78' lang='lat' dir='ltr'>siqu&#39;u</span> <span class='ocrx_word' id='word_1_16' title='bbox 550 1088 635 1154; x_wconf 89' lang='lat' dir='ltr'>forte</span> <span class='ocrx_word' id='word_1_17' title='bbox 658 1091 801 1181; x_wconf 80' lang='lat' dir='ltr'>conticet</span> 
     </span>
     <span class='ocr_line' id='line_1_9' title="bbox 91 1191 982 1263; baseline 0.01 -10"><span class='ocrx_word' id='word_1_18' title='bbox 91 1191 155 1256; x_wconf 90' lang='lat' dir='ltr'>bi</span> <span class='ocrx_word' id='word_1_19' title='bbox 187 1199 255 1260; x_wconf 71' lang='lat' dir='ltr'>ium</span> <span class='ocrx_word' id='word_1_20' title='bbox 278 1196 402 1261; x_wconf 78' lang='lat' dir='ltr'>hietore</span> <span class='ocrx_word' id='word_1_21' title='bbox 426 1196 577 1261; x_wconf 81' lang='lat' dir='ltr'>nondum.</span> <span class='ocrx_word' id='word_1_22' title='bbox 593 1196 638 1260; x_wconf 90' lang='lat' dir='ltr'>mi</span> <span class='ocrx_word' id='word_1_23' title='bbox 661 1196 694 1261; x_wconf 90' lang='lat' dir='ltr'>iu</span> <span class='ocrx_word' id='word_1_24' title='bbox 720 1200 861 1263; x_wconf 77' lang='lat' dir='ltr'>mentem</span> <span class='ocrx_word' id='word_1_25' title='bbox 885 1197 982 1262; x_wconf 91' lang='lat' dir='ltr'>uenit.</span> 
     </span>
    </p>
   </div>
   <div class='ocr_carea' id='block_1_6' title="bbox 249 1389 701 1548">
    <p class='ocr_par' dir='ltr' id='par_1_6' title="bbox 249 1389 701 1548">
     <span class='ocr_line' id='line_1_10' title="bbox 627 1389 701 1444; baseline -0.014 -1"><span class='ocrx_word' id='word_1_26' title='bbox 627 1389 701 1444; x_wconf 88' lang='lat' dir='ltr'>LVII</span> 
     </span>
     <span class='ocr_line' id='line_1_11' title="bbox 249 1461 570 1548; baseline 0.006 -22"><span class='ocrx_word' id='word_1_27' title='bbox 249 1461 323 1548; x_wconf 83' lang='lat' dir='ltr'>Ego</span> <span class='ocrx_word' id='word_1_28' title='bbox 349 1463 398 1527; x_wconf 92' lang='lat' dir='ltr'>illi</span> <span class='ocrx_word' id='word_1_29' title='bbox 423 1485 570 1530; x_wconf 68' lang='lat' dir='ltr'>uenerin-</span> 
     </span>
    </p>
   </div>
   <div class='ocr_carea' id='block_1_7' title="bbox 96 1600 1235 1796">
    <p class='ocr_par' dir='ltr' id='par_1_7' title="bbox 96 1600 1235 1796">
     <span class='ocr_line' id='line_1_12' title="bbox 618 1600 708 1658; baseline -0.011 -2"><span class='ocrx_word' id='word_1_30' title='bbox 618 1600 708 1658; x_wconf 81' lang='lat' dir='ltr'>LVIII</span> 
     </span>
     <span class='ocr_line' id='line_1_13' title="bbox 96 1679 1235 1796; baseline 0.009 -29"><span class='ocrx_word' id='word_1_31' title='bbox 96 1703 213 1773; x_wconf 82' lang='lat' dir='ltr'>imtm</span> <span class='ocrx_word' id='word_1_32' title='bbox 238 1732 419 1793; x_wconf 79' lang='lat' dir='ltr'>precamur:</span> <span class='ocrx_word' id='word_1_33' title='bbox 442 1733 517 1775; x_wconf 82' lang='lat' dir='ltr'>num</span> <span class='ocrx_word' id='word_1_34' title='bbox 541 1708 595 1777; x_wconf 83' lang='lat' dir='ltr'>hic</span> <span class='ocrx_word' id='word_1_35' title='bbox 619 1679 873 1796; x_wconf 45' lang='lat' dir='ltr'>deus⁶praesens</span> <span class='ocrx_word' id='word_1_36' title='bbox 898 1714 998 1778; x_wconf 80' lang='lat' dir='ltr'>adest.</span> <span class='ocrx_word' id='word_1_37' title='bbox 1202 1730 1235 1779; x_wconf 78' lang='lat' dir='ltr'>oo</span> 
     </span>
    </p>
   </div>
   <div class='ocr_carea' id='block_1_8' title="bbox 148 1904 696 2062">
    <p class='ocr_par' dir='ltr' id='par_1_8' title="bbox 148 1904 696 2062">
     <span class='ocr_line' id='line_1_14' title="bbox 636 1904 696 1959; baseline 0.033 -2"><span class='ocrx_word' id='word_1_38' title='bbox 636 1904 696 1959; x_wconf 87' lang='lat' dir='ltr'>LIX</span> 
     </span>
     <span class='ocr_line' id='line_1_15' title="bbox 148 1975 560 2062; baseline 0.002 -18"><span class='ocrx_word' id='word_1_39' title='bbox 148 1979 156 1986; x_wconf 81' lang='grc'><strong>”</strong></span> <span class='ocrx_word' id='word_1_40' title='bbox 252 1975 347 2044; x_wconf 82' lang='lat' dir='ltr'>Oette</span> <span class='ocrx_word' id='word_1_41' title='bbox 370 1978 456 2062; x_wconf 83' lang='lat' dir='ltr'>patri</span> <span class='ocrx_word' id='word_1_42' title='bbox 480 2000 560 2045; x_wconf 90' lang='lat' dir='ltr'>meo.</span> 
     </span>
    </p>
   </div>
   <div class='ocr_carea' id='block_1_9' title="bbox 89 2095 303 2111">
    <p class='ocr_par' dir='ltr' id='par_1_9' title="bbox 89 2095 303 2111">
     <span class='ocr_line' id='line_1_16' title="bbox 89 2095 303 2111; baseline 0 0"><span class='ocrx_word' id='word_1_43' title='bbox 89 2095 303 2111; x_wconf 41' lang='lat' dir='ltr'>x·—</span> 
     </span>
    </p>
   </div>
   <div class='ocr_carea' id='block_1_10' title="bbox 89 2169 1239 3678">
    <p class='ocr_par' dir='ltr' id='par_1_10' title="bbox 89 2169 1237 2400">
     <span class='ocr_line' id='line_1_17' title="bbox 168 2169 1236 2242; baseline 0.002 -18"><span class='ocrx_word' id='word_1_44' title='bbox 168 2169 228 2224; x_wconf 76' lang='lat' dir='ltr'>&#39;LV</span> <span class='ocrx_word' id='word_1_45' title='bbox 256 2171 401 2226; x_wconf 72' lang='lat' dir='ltr'><strong><em>Charisius</em></strong></span> <span class='ocrx_word' id='word_1_46' title='bbox 424 2175 535 2240; x_wconf 61' lang='lat'>12242,</span> <span class='ocrx_word' id='word_1_47' title='bbox 550 2176 585 2227; x_wconf 90' lang='lat'>10</span> <span class='ocrx_word' id='word_1_48' title='bbox 617 2174 661 2241; x_wconf 78' lang='lat' dir='ltr'>(cc</span> <span class='ocrx_word' id='word_1_49' title='bbox 690 2173 768 2228; x_wconf 80' lang='lat' dir='ltr'>Iulio</span> <span class='ocrx_word' id='word_1_50' title='bbox 799 2174 952 2242; x_wconf 73' lang='lat' dir='ltr'>Romarm).-</span> <span class='ocrx_word' id='word_1_51' title='bbox 980 2173 1145 2229; x_wconf 82' lang='lat' dir='ltr'>Butubuttu.</span> <span class='ocrx_word' id='word_1_52' title='bbox 1182 2174 1236 2228; x_wconf 92' lang='lat' dir='ltr'>hoc</span> 
     </span>
     <span class='ocr_line' id='line_1_18' title="bbox 89 2240 1237 2322; baseline 0.008 -24"><span class='ocrx_word' id='word_1_53' title='bbox 89 2240 212 2304; x_wconf 75' lang='lat' dir='ltr'>&#39;lautus</span> <span class='ocrx_word' id='word_1_54' title='bbox 234 2268 285 2320; x_wconf 85' lang='lat' dir='ltr'>pro</span> <span class='ocrx_word' id='word_1_55' title='bbox 308 2250 398 2305; x_wconf 90' lang='lat' dir='ltr'>nihilo</span> <span class='ocrx_word' id='word_1_56' title='bbox 422 2254 452 2306; x_wconf 89' lang='lat' dir='ltr'>et</span> <span class='ocrx_word' id='word_1_57' title='bbox 473 2269 524 2320; x_wconf 88' lang='lat' dir='ltr'>pro</span> <span class='ocrx_word' id='word_1_58' title='bbox 548 2250 632 2319; x_wconf 80' lang='lat' dir='ltr'>nugis</span> <span class='ocrx_word' id='word_1_59' title='bbox 651 2253 758 2321; x_wconf 78' lang='lat' dir='ltr'>posuit,</span> <span class='ocrx_word' id='word_1_60' title='bbox 777 2254 809 2306; x_wconf 92' lang='lat' dir='ltr'>ut</span> <span class='ocrx_word' id='word_1_61' title='bbox 827 2252 855 2307; x_wconf 91' lang='lat' dir='ltr'>in</span> <span class='ocrx_word' id='word_1_62' title='bbox 873 2253 975 2322; x_wconf 78' lang='lat' dir='ltr'>glossis</span> <span class='ocrx_word' id='word_1_63' title='bbox 994 2257 1132 2309; x_wconf 85' lang='lat' dir='ltr'>ueterum·</span> <span class='ocrx_word' id='word_1_64' title='bbox 1195 2254 1237 2320; x_wconf 81' lang='lat' dir='ltr'>Of.</span> 
     </span>
     <span class='ocr_line' id='line_1_19' title="bbox 89 2320 510 2400; baseline 0.002 -16"><span class='ocrx_word' id='word_1_65' title='bbox 89 2320 204 2384; x_wconf 48' lang='lat' dir='ltr'>paulic</span> <span class='ocrx_word' id='word_1_66' title='bbox 219 2335 342 2400; x_wconf 61' lang='lat' dir='ltr'>pedo</span> <span class='ocrx_word' id='word_1_67' title='bbox 414 2337 456 2386; x_wconf 87' lang='grc'>61.</span> <span class='ocrx_word' id='word_1_68' title='bbox 471 2331 510 2400; x_wconf 76' lang='grc'>(*)</span> 
     </span>
    </p>

    <p class='ocr_par' dir='ltr' id='par_1_11' title="bbox 89 2409 1237 2572">
     <span class='ocr_line' id='line_1_20' title="bbox 184 2409 1237 2490; baseline 0.003 -26"><span class='ocrx_word' id='word_1_69' title='bbox 184 2409 242 2464; x_wconf 88' lang='lat' dir='ltr'>LVI</span> <span class='ocrx_word' id='word_1_70' title='bbox 260 2411 404 2466; x_wconf 73' lang='lat' dir='ltr'>Diomedes</span> <span class='ocrx_word' id='word_1_71' title='bbox 415 2428 444 2480; x_wconf 81' lang='lat' dir='ltr'>p.</span> <span class='ocrx_word' id='word_1_72' title='bbox 455 2415 519 2479; x_wconf 73' lang='lat'><strong><em>345,</em></strong></span> <span class='ocrx_word' id='word_1_73' title='bbox 529 2417 560 2465; x_wconf 82' lang='grc'>4.·</span> <span class='ocrx_word' id='word_1_74' title='bbox 574 2410 659 2490; x_wconf 63' lang='lat' dir='ltr'>Hiero</span> <span class='ocrx_word' id='word_1_75' title='bbox 674 2413 704 2465; x_wconf 88' lang='lat' dir='ltr'>et</span> <span class='ocrx_word' id='word_1_76' title='bbox 717 2413 825 2466; x_wconf 86' lang='lat' dir='ltr'>hieture</span> <span class='ocrx_word' id='word_1_77' title='bbox 840 2414 949 2467; x_wconf 85' lang='lat' dir='ltr'>ueteres</span> <span class='ocrx_word' id='word_1_78' title='bbox 965 2414 1101 2468; x_wconf 83' lang='lat' dir='ltr'>dixerunt.</span> <span class='ocrx_word' id='word_1_79' title='bbox 1121 2413 1237 2467; x_wconf 81' lang='lat' dir='ltr'>Plautue</span> 
     </span>
     <span class='ocr_line' id='line_1_21' title="bbox 89 2479 1237 2572; baseline 0.002 -25"><span class='ocrx_word' id='word_1_80' title='bbox 89 2479 230 2547; x_wconf 72' lang='lat' dir='ltr'>planetus</span> <span class='ocrx_word' id='word_1_81' title='bbox 250 2491 302 2560; x_wconf 80' lang='lat' dir='ltr'>B):</span> <span class='ocrx_word' id='word_1_82' title='bbox 322 2491 426 2560; x_wconf 77' lang='lat' dir='ltr'>Siqua</span> <span class='ocrx_word' id='word_1_83' title='bbox 440 2533 446 2546; x_wconf 92' lang='lat'>.</span> <span class='ocrx_word' id='word_1_84' title='bbox 458 2535 482 2546; x_wconf 90' lang='lat'>..</span> <span class='ocrx_word' id='word_1_85' title='bbox 498 2489 611 2545; x_wconf 89' lang='lat' dir='ltr'>uenit&#39;</span> <span class='ocrx_word' id='word_1_86' title='bbox 700 2497 781 2561; x_wconf 67' lang='lat' dir='ltr'>uteo.</span> <span class='ocrx_word' id='word_1_87' title='bbox 802 2492 894 2547; x_wconf 91' lang='lat' dir='ltr'>contio</span> <span class='ocrx_word' id='word_1_88' title='bbox 915 2493 1024 2562; x_wconf 88' lang='lat' dir='ltr'>(concio</span> <span class='ocrx_word' id='word_1_89' title='bbox 1042 2494 1080 2562; x_wconf 91' lang='grc' dir='ltr'>Β)</span> <span class='ocrx_word' id='word_1_90' title='bbox 1099 2501 1146 2572; x_wconf 74' lang='lat' dir='ltr'>est</span> <span class='ocrx_word' id='word_1_91' title='bbox 1160 2495 1237 2549; x_wconf 88' lang='lat' dir='ltr'>codd.</span> 
     </span>
    </p>

    <p class='ocr_par' dir='ltr' id='par_1_12' title="bbox 164 2568 1204 2643">
     <span class='ocr_line' id='line_1_22' title="bbox 164 2568 1204 2643; baseline 0.007 -21"><span class='ocrx_word' id='word_1_92' title='bbox 164 2568 286 2624; x_wconf 86' lang='lat' dir='ltr'>nondum</span> <span class='ocrx_word' id='word_1_93' title='bbox 305 2569 346 2624; x_wconf 91' lang='lat' dir='ltr'>mi</span> <span class='ocrx_word' id='word_1_94' title='bbox 364 2571 393 2623; x_wconf 89' lang='lat' dir='ltr'>iu</span> <span class='ocrx_word' id='word_1_95' title='bbox 411 2571 600 2627; x_wconf 70' lang='lat' dir='ltr'>Buechelcruo.</span> <span class='ocrx_word' id='word_1_96' title='bbox 639 2571 761 2626; x_wconf 88' lang='lat' dir='ltr'>nondum</span> <span class='ocrx_word' id='word_1_97' title='bbox 780 2571 810 2625; x_wconf 88' lang='lat' dir='ltr'>in</span> <span class='ocrx_word' id='word_1_98' title='bbox 828 2574 894 2628; x_wconf 80' lang='lat' dir='ltr'>libri</span> <span class='ocrx_word' id='word_1_99' title='bbox 966 2576 1059 2628; x_wconf 89' lang='lat' dir='ltr'>mente</span> <span class='ocrx_word' id='word_1_100' title='bbox 1078 2573 1150 2628; x_wconf 74' lang='lat' dir='ltr'>AM</span> <span class='ocrx_word' id='word_1_101' title='bbox 1168 2573 1204 2643; x_wconf 80' lang='lat'>(*)</span> 
     </span>
    </p>

    <p class='ocr_par' dir='ltr' id='par_1_13' title="bbox 89 2649 1239 3678">
     <span class='ocr_line' id='line_1_23' title="bbox 181 2649 1239 2721; baseline 0.005 -20"><span class='ocrx_word' id='word_1_102' title='bbox 181 2649 252 2703; x_wconf 85' lang='lat' dir='ltr'>LVII</span> <span class='ocrx_word' id='word_1_103' title='bbox 280 2651 425 2706; x_wconf 78' lang='lat' dir='ltr'><strong><em>Diomedes</em></strong></span> <span class='ocrx_word' id='word_1_104' title='bbox 447 2670 477 2721; x_wconf 79' lang='lat' dir='ltr'>p.</span> <span class='ocrx_word' id='word_1_105' title='bbox 494 2655 560 2719; x_wconf 79' lang='lat'><em>368,</em></span> <span class='ocrx_word' id='word_1_106' title='bbox 574 2655 626 2706; x_wconf 77' lang='lat'>24:</span> <span class='ocrx_word' id='word_1_107' title='bbox 654 2649 705 2705; x_wconf 80' lang='lat' dir='ltr'>Est</span> <span class='ocrx_word' id='word_1_108' title='bbox 728 2654 820 2706; x_wconf 85' lang='lat' dir='ltr'>tumen</span> <span class='ocrx_word' id='word_1_109' title='bbox 847 2654 921 2721; x_wconf 81' lang='lat' dir='ltr'>apud</span> <span class='ocrx_word' id='word_1_110' title='bbox 948 2656 1058 2707; x_wconf 78' lang='lat' dir='ltr'>ueteres</span> <span class='ocrx_word' id='word_1_111' title='bbox 1082 2669 1186 2707; x_wconf 89' lang='lat' dir='ltr'>ueueor</span> <span class='ocrx_word' id='word_1_112' title='bbox 1209 2654 1239 2706; x_wconf 90' lang='lat' dir='ltr'>et</span> 
     </span>
     <span class='ocr_line' id='line_1_24' title="bbox 89 2726 1238 2801; baseline 0.01 -25"><span class='ocrx_word' id='word_1_113' title='bbox 89 2726 221 2784; x_wconf 78' lang='lat' dir='ltr'>unditus</span> <span class='ocrx_word' id='word_1_114' title='bbox 234 2745 303 2797; x_wconf 79' lang='lat' dir='ltr'>eum,</span> <span class='ocrx_word' id='word_1_115' title='bbox 314 2731 344 2784; x_wconf 85' lang='lat' dir='ltr'>et</span> <span class='ocrx_word' id='word_1_116' title='bbox 358 2731 591 2801; x_wconf 77' lang='lat' dir='ltr'>apud&#39;I‘lautum:</span> <span class='ocrx_word' id='word_1_117' title='bbox 604 2730 698 2800; x_wconf 75' lang='lat' dir='ltr'>‘Ego</span> <span class='ocrx_word' id='word_1_118' title='bbox 710 2774 715 2785; x_wconf 95' lang='lat'>.</span> <span class='ocrx_word' id='word_1_119' title='bbox 728 2741 881 2786; x_wconf 73' lang='lat' dir='ltr'>uenecr’</span> <span class='ocrx_word' id='word_1_120' title='bbox 938 2739 980 2786; x_wconf 83' lang='lat'>64.</span> <span class='ocrx_word' id='word_1_121' title='bbox 996 2733 1094 2799; x_wconf 83' lang='lat' dir='ltr'>Egone</span> <span class='ocrx_word' id='word_1_122' title='bbox 1108 2735 1238 2787; x_wconf 73' lang='lat' dir='ltr'>edicioeee</span> 
     </span>
     <span class='ocr_line' id='line_1_25' title="bbox 89 2807 1237 2881; baseline 0.003 -17"><span class='ocrx_word' id='word_1_123' title='bbox 89 2807 122 2854; x_wconf 60' lang='lat' dir='ltr'>CI-</span> <span class='ocrx_word' id='word_1_124' title='bbox 188 2813 436 2867; x_wconf 81' lang='lat' dir='ltr'>ueneoreditionce.</span> <span class='ocrx_word' id='word_1_125' title='bbox 455 2811 655 2865; x_wconf 81' lang='lat' dir='ltr'>uindarABM</span> <span class='ocrx_word' id='word_1_126' title='bbox 664 2811 699 2879; x_wconf 78' lang='lat'>(*)</span> <span class='ocrx_word' id='word_1_127' title='bbox 747 2811 834 2864; x_wconf 86' lang='lat' dir='ltr'>LVIII</span> <span class='ocrx_word' id='word_1_128' title='bbox 845 2813 989 2867; x_wconf 78' lang='lat' dir='ltr'>Diomedes</span> <span class='ocrx_word' id='word_1_129' title='bbox 995 2813 1237 2881; x_wconf 58' lang='lat' dir='ltr'>occurentem-</span> 
     </span>
     <span class='ocr_line' id='line_1_26' title="bbox 89 2879 1236 2966; baseline -0.001 -20"><span class='ocrx_word' id='word_1_130' title='bbox 89 2879 271 2946; x_wconf 65' lang='lat' dir='ltr'>Ilfiia...fit.</span> <span class='ocrx_word' id='word_1_131' title='bbox 279 2908 356 2961; x_wconf 90' lang='lat' dir='ltr'>..per</span> <span class='ocrx_word' id='word_1_132' title='bbox 366 2892 511 2946; x_wconf 86' lang='lat' dir='ltr'>inuentum</span> <span class='ocrx_word' id='word_1_133' title='bbox 520 2890 711 2945; x_wconf 86' lang='lat' dir='ltr'>subiectumue</span> <span class='ocrx_word' id='word_1_134' title='bbox 722 2890 897 2945; x_wconf 87' lang='lat' dir='ltr'>inuentorem</span> <span class='ocrx_word' id='word_1_135' title='bbox 907 2890 1236 2966; x_wconf 72' lang='lat' dir='ltr'>dominantemue&lt;eic&gt;2</span> 
     </span>
     <span class='ocr_line' id='line_1_27' title="bbox 93 2959 1238 3041; baseline 0.002 -18"><span class='ocrx_word' id='word_1_136' title='bbox 93 2959 109 3011; x_wconf 73' lang='lat' dir='ltr'>I</span> <span class='ocrx_word' id='word_1_137' title='bbox 122 2963 139 3016; x_wconf 86' lang='lat' dir='ltr'>i</span> <span class='ocrx_word' id='word_1_138' title='bbox 152 2987 242 3026; x_wconf 86' lang='lat' dir='ltr'>num.</span> <span class='ocrx_word' id='word_1_139' title='bbox 254 3016 260 3028; x_wconf 93' lang='lat'>.</span> <span class='ocrx_word' id='word_1_140' title='bbox 273 2973 399 3027; x_wconf 81' lang='lat' dir='ltr'>,edeet’</span> <span class='ocrx_word' id='word_1_141' title='bbox 455 2971 567 3026; x_wconf 76' lang='lat' dir='ltr'>Servius</span> <span class='ocrx_word' id='word_1_142' title='bbox 581 2972 618 3025; x_wconf 90' lang='lat' dir='ltr'>ud</span> <span class='ocrx_word' id='word_1_143' title='bbox 627 2971 696 3024; x_wconf 76' lang='lat' dir='ltr'>Ace.</span> <span class='ocrx_word' id='word_1_144' title='bbox 707 2972 800 3026; x_wconf 76' lang='lat'><em>1724:</em></span> <span class='ocrx_word' id='word_1_145' title='bbox 821 2971 957 3041; x_wconf 85' lang='lat' dir='ltr'>Vina·pro</span> <span class='ocrx_word' id='word_1_146' title='bbox 972 2971 1080 3041; x_wconf 79' lang='lat' dir='ltr'>poculis</span> <span class='ocrx_word' id='word_1_147' title='bbox 1095 2971 1197 3041; x_wconf 82' lang='lat' dir='ltr'>posuit,</span> <span class='ocrx_word' id='word_1_148' title='bbox 1209 2976 1238 3025; x_wconf 92' lang='lat' dir='ltr'>et</span> 
     </span>
     <span class='ocr_line' id='line_1_28' title="bbox 89 3042 1237 3122; baseline 0.007 -23"><span class='ocrx_word' id='word_1_149' title='bbox 89 3042 118 3093; x_wconf 65' lang='lat' dir='ltr'>et</span> <span class='ocrx_word' id='word_1_150' title='bbox 139 3047 245 3119; x_wconf 78' lang='lat' dir='ltr'>tropus</span> <span class='ocrx_word' id='word_1_151' title='bbox 260 3050 435 3119; x_wconf 80' lang='lat' dir='ltr'><strong>synecdoche</strong></span> <span class='ocrx_word' id='word_1_152' title='bbox 451 3048 548 3120; x_wconf 78' lang='lat' dir='ltr'>(voluit</span> <span class='ocrx_word' id='word_1_153' title='bbox 562 3054 649 3106; x_wconf 81' lang='lat' dir='ltr'><em>dicere</em></span> <span class='ocrx_word' id='word_1_154' title='bbox 665 3053 848 3120; x_wconf 80' lang='lat' dir='ltr'>metonymia:</span> <span class='ocrx_word' id='word_1_155' title='bbox 863 3053 898 3118; x_wconf 81' lang='lat' dir='ltr'>cs.</span> <span class='ocrx_word' id='word_1_156' title='bbox 914 3053 1112 3107; x_wconf 77' lang='lat' dir='ltr'>Lacmeuerkirt</span> <span class='ocrx_word' id='word_1_157' title='bbox 1122 3072 1152 3122; x_wconf 76' lang='lat' dir='ltr'>p.</span> <span class='ocrx_word' id='word_1_158' title='bbox 1163 3055 1237 3122; x_wconf 75' lang='grc'>348),</span> 
     </span>
     <span class='ocr_line' id='line_1_29' title="bbox 89 3120 1201 3200; baseline 0.008 -21"><span class='ocrx_word' id='word_1_159' title='bbox 89 3120 104 3170; x_wconf 69' lang='lat' dir='ltr'>II</span> <span class='ocrx_word' id='word_1_160' title='bbox 129 3124 267 3185; x_wconf 80' lang='lat' dir='ltr'>Cererem</span> <span class='ocrx_word' id='word_1_161' title='bbox 287 3130 406 3184; x_wconf 79' lang='lat' dir='ltr'>dicimus</span> <span class='ocrx_word' id='word_1_162' title='bbox 425 3148 475 3200; x_wconf 73' lang='lat' dir='ltr'>pro</span> <span class='ocrx_word' id='word_1_163' title='bbox 495 3131 643 3186; x_wconf 89' lang='lat' dir='ltr'>frumento.</span> <span class='ocrx_word' id='word_1_164' title='bbox 681 3132 720 3184; x_wconf 83' lang='lat' dir='ltr'>cic</span> <span class='ocrx_word' id='word_1_165' title='bbox 740 3132 869 3186; x_wconf 78' lang='lat' dir='ltr'>Plautus:</span> <span class='ocrx_word' id='word_1_166' title='bbox 890 3131 1201 3189; x_wconf 83' lang='lat' dir='ltr'>‘Viuum...adest&#39;</span> 
     </span>
     <span class='ocr_line' id='line_1_30' title="bbox 89 3199 1238 3282; baseline 0.004 -20"><span class='ocrx_word' id='word_1_167' title='bbox 89 3199 220 3264; x_wconf 68' lang='lat' dir='ltr'>Donatus</span> <span class='ocrx_word' id='word_1_168' title='bbox 234 3213 296 3266; x_wconf 83' lang='lat' dir='ltr'>Art.</span> <span class='ocrx_word' id='word_1_169' title='bbox 310 3228 424 3280; x_wconf 73' lang='lat' dir='ltr'>yrcmm.</span> <span class='ocrx_word' id='word_1_170' title='bbox 440 3228 467 3279; x_wconf 80' lang='lat' dir='ltr'>p.</span> <span class='ocrx_word' id='word_1_171' title='bbox 478 3216 583 3277; x_wconf 79' lang='lat'><em>400,7:</em></span> <span class='ocrx_word' id='word_1_172' title='bbox 601 3210 776 3280; x_wconf 82' lang='lat' dir='ltr'>Metonymie</span> <span class='ocrx_word' id='word_1_173' title='bbox 795 3216 836 3265; x_wconf 86' lang='lat' dir='ltr'>cet</span> <span class='ocrx_word' id='word_1_174' title='bbox 860 3211 970 3282; x_wconf 90' lang='lat' dir='ltr'>[dictio]</span> <span class='ocrx_word' id='word_1_175' title='bbox 991 3214 1128 3279; x_wconf 77' lang='lat' dir='ltr'>quaedem</span> <span class='ocrx_word' id='word_1_176' title='bbox 1147 3214 1238 3267; x_wconf 90' lang='lat' dir='ltr'>ueluti</span> 
     </span>
     <span class='ocr_line' id='line_1_31' title="bbox 89 3289 1238 3366; baseline 0.007 -28"><span class='ocrx_word' id='word_1_177' title='bbox 89 3289 344 3347; x_wconf 69' lang='lat' dir='ltr'>consummatio.-</span> <span class='ocrx_word' id='word_1_178' title='bbox 371 3291 453 3344; x_wconf 84' lang='lat' dir='ltr'>huiue</span> <span class='ocrx_word' id='word_1_179' title='bbox 479 3293 585 3346; x_wconf 81' lang='lat' dir='ltr'>multae</span> <span class='ocrx_word' id='word_1_180' title='bbox 612 3293 676 3344; x_wconf 85' lang='lat' dir='ltr'>sunt</span> <span class='ocrx_word' id='word_1_181' title='bbox 701 3290 816 3359; x_wconf 79' lang='lat' dir='ltr'>species.</span> <span class='ocrx_word' id='word_1_182' title='bbox 855 3293 904 3344; x_wconf 80' lang='lat' dir='ltr'>aut</span> <span class='ocrx_word' id='word_1_183' title='bbox 929 3290 1003 3343; x_wconf 90' lang='lat' dir='ltr'>enim</span> <span class='ocrx_word' id='word_1_184' title='bbox 1028 3307 1079 3366; x_wconf 79' lang='lat' dir='ltr'>per</span> <span class='ocrx_word' id='word_1_185' title='bbox 1104 3293 1133 3344; x_wconf 85' lang='lat' dir='ltr'>id</span> <span class='ocrx_word' id='word_1_186' title='bbox 1164 3293 1238 3361; x_wconf 86' lang='lat' dir='ltr'>quod</span> 
     </span>
     <span class='ocr_line' id='line_1_32' title="bbox 89 3367 1239 3439; baseline 0.013 -27"><span class='ocrx_word' id='word_1_187' title='bbox 89 3367 217 3423; x_wconf 80' lang='lat' dir='ltr'>eontinet</span> <span class='ocrx_word' id='word_1_188' title='bbox 233 3371 262 3424; x_wconf 91' lang='lat' dir='ltr'>id</span> <span class='ocrx_word' id='word_1_189' title='bbox 282 3371 356 3439; x_wconf 89' lang='lat' dir='ltr'>quod</span> <span class='ocrx_word' id='word_1_190' title='bbox 376 3371 535 3425; x_wconf 76' lang='lat' dir='ltr'>continetur</span> <span class='ocrx_word' id='word_1_191' title='bbox 552 3370 685 3436; x_wconf 78' lang='lat' dir='ltr'>ostendii,</span> <span class='ocrx_word' id='word_1_192' title='bbox 706 3373 736 3423; x_wconf 88' lang='lat' dir='ltr'>ut</span> <span class='ocrx_word' id='word_1_193' title='bbox 752 3372 863 3425; x_wconf 72' lang='lat' dir='ltr'>‘Nune</span> <span class='ocrx_word' id='word_1_194' title='bbox 881 3413 886 3424; x_wconf 94' lang='lat'><em>.</em></span> <span class='ocrx_word' id='word_1_195' title='bbox 905 3370 1001 3426; x_wconf 91' lang='lat' dir='ltr'>.Ioui’</span> <span class='ocrx_word' id='word_1_196' title='bbox 1029 3375 1078 3425; x_wconf 86' lang='lat' dir='ltr'>aut</span> <span class='ocrx_word' id='word_1_197' title='bbox 1097 3376 1193 3426; x_wconf 85' lang='lat' dir='ltr'>eontra</span> <span class='ocrx_word' id='word_1_198' title='bbox 1207 3377 1239 3428; x_wconf 87' lang='lat' dir='ltr'>ut</span> 
     </span>
     <span class='ocr_line' id='line_1_33' title="bbox 92 3438 1238 3524; baseline 0.005 -24"><span class='ocrx_word' id='word_1_199' title='bbox 92 3438 190 3503; x_wconf 79' lang='lat' dir='ltr'>‘Vina</span> <span class='ocrx_word' id='word_1_200' title='bbox 206 3451 353 3506; x_wconf 81' lang='lat' dir='ltr'>coronent&#39;</span> <span class='ocrx_word' id='word_1_201' title='bbox 380 3453 430 3504; x_wconf 80' lang='lat' dir='ltr'>eut</span> <span class='ocrx_word' id='word_1_202' title='bbox 447 3468 497 3520; x_wconf 84' lang='lat' dir='ltr'>per</span> <span class='ocrx_word' id='word_1_203' title='bbox 516 3451 690 3504; x_wconf 81' lang='lat' dir='ltr'>inuentorem</span> <span class='ocrx_word' id='word_1_204' title='bbox 710 3449 737 3502; x_wconf 87' lang='lat' dir='ltr'>id</span> <span class='ocrx_word' id='word_1_205' title='bbox 759 3451 832 3519; x_wconf 90' lang='lat' dir='ltr'>qnod</span> <span class='ocrx_word' id='word_1_206' title='bbox 852 3449 997 3504; x_wconf 88' lang='lat' dir='ltr'>inuentum</span> <span class='ocrx_word' id='word_1_207' title='bbox 1018 3456 1060 3505; x_wconf 83' lang='lat' dir='ltr'>eet</span> <span class='ocrx_word' id='word_1_208' title='bbox 1080 3452 1238 3524; x_wconf 81' lang='lat' dir='ltr'>[ostendit],</span> 
     </span>
     <span class='ocr_line' id='line_1_34' title="bbox 95 3525 1237 3600; baseline 0.005 -18"><span class='ocrx_word' id='word_1_209' title='bbox 95 3525 118 3576; x_wconf 65' lang='lat' dir='ltr'>ui</span> <span class='ocrx_word' id='word_1_210' title='bbox 142 3526 220 3586; x_wconf 79' lang='lat' dir='ltr'>‘Sine</span> <span class='ocrx_word' id='word_1_211' title='bbox 235 3575 241 3587; x_wconf 93' lang='lat'><strong><em>.</em></strong></span> <span class='ocrx_word' id='word_1_212' title='bbox 256 3575 262 3587; x_wconf 93' lang='lat'>.</span> <span class='ocrx_word' id='word_1_213' title='bbox 279 3530 403 3586; x_wconf 79' lang='lat' dir='ltr'>,Venue’</span> <span class='ocrx_word' id='word_1_214' title='bbox 429 3536 479 3584; x_wconf 82' lang='lat' dir='ltr'>aut</span> <span class='ocrx_word' id='word_1_215' title='bbox 498 3533 602 3598; x_wconf 81' lang='lat' dir='ltr'>contre,</span> <span class='ocrx_word' id='word_1_216' title='bbox 622 3531 665 3583; x_wconf 89' lang='lat' dir='ltr'>ut:</span> <span class='ocrx_word' id='word_1_217' title='bbox 688 3529 805 3583; x_wconf 88' lang='lat' dir='ltr'>Vinum</span> <span class='ocrx_word' id='word_1_218' title='bbox 818 3574 824 3586; x_wconf 86' lang='lat'><em>.</em></span> <span class='ocrx_word' id='word_1_219' title='bbox 836 3574 841 3584; x_wconf 94' lang='lat'>.</span> <span class='ocrx_word' id='word_1_220' title='bbox 854 3530 982 3586; x_wconf 83' lang='lat' dir='ltr'>.udest&#39;</span> <span class='ocrx_word' id='word_1_221' title='bbox 1005 3534 1118 3600; x_wconf 76' lang='lat' dir='ltr'>I’ompci</span> <span class='ocrx_word' id='word_1_222' title='bbox 1139 3534 1237 3588; x_wconf 75' lang='lat' dir='ltr'>Coeum.</span> 
     </span>
     <span class='ocr_line' id='line_1_35' title="bbox 99 3602 1236 3678; baseline 0.001 -14"><span class='ocrx_word' id='word_1_223' title='bbox 99 3620 120 3672; x_wconf 75' lang='lat' dir='ltr'>P·</span> <span class='ocrx_word' id='word_1_224' title='bbox 134 3609 203 3676; x_wconf 77' lang='grc'><strong>307,</strong></span> <span class='ocrx_word' id='word_1_225' title='bbox 216 3618 245 3666; x_wconf 87' lang='grc'>7.·</span> <span class='ocrx_word' id='word_1_226' title='bbox 268 3655 274 3668; x_wconf 94' lang='grc'><strong>.</strong></span> <span class='ocrx_word' id='word_1_227' title='bbox 300 3654 306 3665; x_wconf 98' lang='grc'><strong>.</strong></span> <span class='ocrx_word' id='word_1_228' title='bbox 331 3654 337 3666; x_wconf 96' lang='grc'><strong>.</strong></span> <span class='ocrx_word' id='word_1_229' title='bbox 357 3612 407 3664; x_wconf 80' lang='lat' dir='ltr'>aut</span> <span class='ocrx_word' id='word_1_230' title='bbox 426 3612 461 3665; x_wconf 84' lang='lat' dir='ltr'>ub</span> <span class='ocrx_word' id='word_1_231' title='bbox 481 3610 627 3664; x_wconf 87' lang='lat' dir='ltr'>inuentore</span> <span class='ocrx_word' id='word_1_232' title='bbox 646 3609 675 3663; x_wconf 92' lang='lat' dir='ltr'>id</span> <span class='ocrx_word' id='word_1_233' title='bbox 695 3610 769 3678; x_wconf 92' lang='lat' dir='ltr'>quod</span> <span class='ocrx_word' id='word_1_234' title='bbox 788 3602 933 3664; x_wconf 84' lang='lat' dir='ltr'>inuentum</span> <span class='ocrx_word' id='word_1_235' title='bbox 954 3612 1013 3676; x_wconf 79' lang='lat' dir='ltr'>est,</span> <span class='ocrx_word' id='word_1_236' title='bbox 1033 3615 1064 3664; x_wconf 89' lang='lat' dir='ltr'>ut</span> <span class='ocrx_word' id='word_1_237' title='bbox 1085 3611 1184 3669; x_wconf 85' lang='lat' dir='ltr'>‘Sinc.</span> <span class='ocrx_word' id='word_1_238' title='bbox 1204 3654 1211 3668; x_wconf 92' lang='lat'><strong>.</strong></span> <span class='ocrx_word' id='word_1_239' title='bbox 1231 3657 1236 3669; x_wconf 93' lang='lat'><em>.</em></span> 
     </span>
    </p>
   </div>
   <div class='ocr_carea' id='block_1_11' title="bbox 103 3679 1356 3759">
    <p class='ocr_par' dir='ltr' id='par_1_14' title="bbox 103 3679 1356 3759">
     <span class='ocr_line' id='line_1_36' title="bbox 103 3679 1356 3759; baseline 0.003 -21"><span class='ocrx_word' id='word_1_240' title='bbox 103 3679 215 3744; x_wconf 75' lang='lat' dir='ltr'>Ienue’.</span> <span class='ocrx_word' id='word_1_241' title='bbox 231 3734 237 3746; x_wconf 93' lang='lat'>.</span> <span class='ocrx_word' id='word_1_242' title='bbox 253 3693 317 3746; x_wconf 64' lang='lat' dir='ltr'>eut</span> <span class='ocrx_word' id='word_1_243' title='bbox 335 3706 350 3743; x_wconf 90' lang='lat' dir='ltr'>e</span> <span class='ocrx_word' id='word_1_244' title='bbox 369 3690 518 3759; x_wconf 82' lang='lat' dir='ltr'>contrario,</span> <span class='ocrx_word' id='word_1_245' title='bbox 537 3690 566 3744; x_wconf 85' lang='lat' dir='ltr'>id</span> <span class='ocrx_word' id='word_1_246' title='bbox 586 3693 641 3743; x_wconf 84' lang='lat' dir='ltr'>eet:</span> <span class='ocrx_word' id='word_1_247' title='bbox 663 3690 800 3744; x_wconf 88' lang='lat' dir='ltr'>‘Vinum</span> <span class='ocrx_word' id='word_1_248' title='bbox 817 3736 822 3747; x_wconf 92' lang='lat'>.</span> <span class='ocrx_word' id='word_1_249' title='bbox 839 3736 844 3747; x_wconf 93' lang='lat'>.</span> <span class='ocrx_word' id='word_1_250' title='bbox 861 3736 867 3747; x_wconf 86' lang='lat'>.</span> <span class='ocrx_word' id='word_1_251' title='bbox 884 3692 1013 3745; x_wconf 83' lang='lat' dir='ltr'>udest&#39;:</span> <span class='ocrx_word' id='word_1_252' title='bbox 1032 3693 1127 3744; x_wconf 86' lang='lat' dir='ltr'>uiuum</span> <span class='ocrx_word' id='word_1_253' title='bbox 1147 3693 1176 3745; x_wconf 87' lang='lat' dir='ltr'>id</span> <span class='ocrx_word' id='word_1_254' title='bbox 1195 3697 1239 3747; x_wconf 86' lang='lat' dir='ltr'>eet</span> <span class='ocrx_word' id='word_1_255' title='bbox 1352 3733 1356 3742; x_wconf 93' lang='lat'>.</span> 
     </span>
    </p>
   </div>
   <div class='ocr_carea' id='block_1_12' title="bbox 109 3761 1238 3842">
    <p class='ocr_par' dir='ltr' id='par_1_15' title="bbox 109 3761 1238 3842">
     <span class='ocr_line' id='line_1_37' title="bbox 109 3761 1238 3842; baseline 0.007 -26"><span class='ocrx_word' id='word_1_256' title='bbox 109 3761 230 3836; x_wconf 64' lang='lat' dir='ltr'>uberum,</span> <span class='ocrx_word' id='word_1_257' title='bbox 284 3772 413 3825; x_wconf 73' lang='lat' dir='ltr'>Isidorus</span> <span class='ocrx_word' id='word_1_258' title='bbox 430 3771 505 3842; x_wconf 68' lang='lat' dir='ltr'>Oriq.</span> <span class='ocrx_word' id='word_1_259' title='bbox 519 3772 540 3823; x_wconf 95' lang='lat' dir='ltr'>I</span> <span class='ocrx_word' id='word_1_260' title='bbox 552 3774 639 3839; x_wconf 64' lang='lat'><em>3039:</em></span> <span class='ocrx_word' id='word_1_261' title='bbox 659 3773 697 3824; x_wconf 82' lang='lat' dir='ltr'>At</span> <span class='ocrx_word' id='word_1_262' title='bbox 715 3775 812 3826; x_wconf 80' lang='lat' dir='ltr'>contre</span> <span class='ocrx_word' id='word_1_263' title='bbox 831 3770 1044 3840; x_wconf 86' lang='lat' dir='ltr'>per-inuentum</span> <span class='ocrx_word' id='word_1_264' title='bbox 1064 3770 1238 3825; x_wconf 86' lang='lat' dir='ltr'>inuentorem</span> 
     </span>
    </p>
   </div>
   <div class='ocr_carea' id='block_1_13' title="bbox 114 3842 1345 3921">
    <p class='ocr_par' dir='ltr' id='par_1_16' title="bbox 114 3842 1345 3921">
     <span class='ocr_line' id='line_1_38' title="bbox 114 3842 1345 3921; baseline 0.009 -27"><span class='ocrx_word' id='word_1_265' title='bbox 114 3842 277 3918; x_wconf 68' lang='lat' dir='ltr'>domonstrat,</span> <span class='ocrx_word' id='word_1_266' title='bbox 306 3851 338 3903; x_wconf 92' lang='lat' dir='ltr'>ut</span> <span class='ocrx_word' id='word_1_267' title='bbox 368 3849 502 3905; x_wconf 85' lang='lat' dir='ltr'>‘Vinum</span> <span class='ocrx_word' id='word_1_268' title='bbox 531 3853 725 3919; x_wconf 60' lang='lat' dir='ltr'>precamur*</span> <span class='ocrx_word' id='word_1_269' title='bbox 755 3869 805 3921; x_wconf 88' lang='lat' dir='ltr'>pro</span> <span class='ocrx_word' id='word_1_270' title='bbox 830 3852 942 3919; x_wconf 80' lang='lat' dir='ltr'>Libum,</span> <span class='ocrx_word' id='word_1_271' title='bbox 967 3850 1015 3918; x_wconf 90' lang='lat' dir='ltr'>qui</span> <span class='ocrx_word' id='word_1_272' title='bbox 1043 3850 1138 3903; x_wconf 87' lang='lat' dir='ltr'>uinum</span> <span class='ocrx_word' id='word_1_273' title='bbox 1163 3853 1237 3920; x_wconf 83' lang='lat' dir='ltr'>upud</span> <span class='ocrx_word' id='word_1_274' title='bbox 1342 3893 1345 3898; x_wconf 89' lang='lat'><em>.</em></span> 
     </span>
    </p>
   </div>
   <div class='ocr_carea' id='block_1_14' title="bbox 89 3922 1255 4870">
    <p class='ocr_par' dir='ltr' id='par_1_17' title="bbox 89 3922 1255 4870">
     <span class='ocr_line' id='line_1_39' title="bbox 119 3922 1238 4001; baseline 0.008 -25"><span class='ocrx_word' id='word_1_275' title='bbox 119 3922 216 3982; x_wconf 72' lang='lat' dir='ltr'>Graecos</span> <span class='ocrx_word' id='word_1_276' title='bbox 232 3929 340 3984; x_wconf 89' lang='lat' dir='ltr'>inuenit</span> <span class='ocrx_word' id='word_1_277' title='bbox 430 3937 474 3985; x_wconf 79' lang='lat'>65.</span> <span class='ocrx_word' id='word_1_278' title='bbox 494 3948 642 4000; x_wconf 81' lang='lat' dir='ltr'>precemur</span> <span class='ocrx_word' id='word_1_279' title='bbox 660 3933 751 3987; x_wconf 87' lang='lat' dir='ltr'>Dium.</span> <span class='ocrx_word' id='word_1_280' title='bbox 771 3933 807 3987; x_wconf 88' lang='lat' dir='ltr'>B.</span> <span class='ocrx_word' id='word_1_281' title='bbox 844 3935 974 4001; x_wconf 85' lang='lat' dir='ltr'>precatur</span> <span class='ocrx_word' id='word_1_282' title='bbox 993 3931 1101 3984; x_wconf 80' lang='lat' dir='ltr'>Donati</span> <span class='ocrx_word' id='word_1_283' title='bbox 1120 3931 1148 3984; x_wconf 82' lang='lat' dir='ltr'>S.</span> <span class='ocrx_word' id='word_1_284' title='bbox 1176 3948 1238 4000; x_wconf 90' lang='lat' dir='ltr'>pre-</span> 
     </span>
     <span class='ocr_line' id='line_1_40' title="bbox 94 4009 876 4084; baseline -0.001 -18"><span class='ocrx_word' id='word_1_285' title='bbox 94 4074 100 4084; x_wconf 40' lang='lat'>.</span> <span class='ocrx_word' id='word_1_286' title='bbox 126 4018 198 4058; x_wconf 55' lang='lat' dir='ltr'>emur</span> <span class='ocrx_word' id='word_1_287' title='bbox 213 4009 295 4066; x_wconf 75' lang='lat' dir='ltr'>Servii</span> <span class='ocrx_word' id='word_1_288' title='bbox 313 4012 417 4066; x_wconf 79' lang='lat' dir='ltr'>codices</span> <span class='ocrx_word' id='word_1_289' title='bbox 435 4016 459 4065; x_wconf 85' lang='lat' dir='ltr'>et</span> <span class='ocrx_word' id='word_1_290' title='bbox 478 4013 566 4064; x_wconf 81' lang='lat' dir='ltr'>maior</span> <span class='ocrx_word' id='word_1_291' title='bbox 583 4028 651 4079; x_wconf 76' lang='lat' dir='ltr'>paro</span> <span class='ocrx_word' id='word_1_292' title='bbox 668 4014 744 4067; x_wconf 82' lang='lat' dir='ltr'>codd.</span> <span class='ocrx_word' id='word_1_293' title='bbox 765 4013 876 4080; x_wconf 77' lang='lat' dir='ltr'>Pompei</span> 
     </span>
     <span class='ocr_line' id='line_1_41' title="bbox 193 4087 1237 4161; baseline 0 -18"><span class='ocrx_word' id='word_1_294' title='bbox 193 4087 243 4143; x_wconf 83' lang='lat' dir='ltr'>LIX</span> <span class='ocrx_word' id='word_1_295' title='bbox 267 4091 414 4146; x_wconf 77' lang='lat' dir='ltr'>Oledouiue</span> <span class='ocrx_word' id='word_1_296' title='bbox 434 4109 464 4161; x_wconf 84' lang='lat' dir='ltr'>p.</span> <span class='ocrx_word' id='word_1_297' title='bbox 480 4097 525 4157; x_wconf 86' lang='lat'>59,</span> <span class='ocrx_word' id='word_1_298' title='bbox 539 4090 694 4145; x_wconf 75' lang='lat' dir='ltr'>22:·“Nem</span> <span class='ocrx_word' id='word_1_299' title='bbox 718 4091 753 4145; x_wconf 84' lang='lat' dir='ltr'>ab</span> <span class='ocrx_word' id='word_1_300' title='bbox 781 4107 814 4144; x_wconf 93' lang='lat' dir='ltr'>eo</span> <span class='ocrx_word' id='word_1_301' title='bbox 840 4091 916 4159; x_wconf 90' lang='lat' dir='ltr'>quod</span> <span class='ocrx_word' id='word_1_302' title='bbox 936 4092 979 4143; x_wconf 88' lang='lat' dir='ltr'>est</span> <span class='ocrx_word' id='word_1_303' title='bbox 997 4089 1081 4155; x_wconf 88' lang='lat' dir='ltr'>cedo,</span> <span class='ocrx_word' id='word_1_304' title='bbox 1101 4087 1147 4141; x_wconf 91' lang='lat' dir='ltr'>dio</span> <span class='ocrx_word' id='word_1_305' title='bbox 1167 4088 1237 4143; x_wconf 89' lang='lat' dir='ltr'>mihi</span> 
     </span>
     <span class='ocr_line' id='line_1_42' title="bbox 89 4160 1238 4241; baseline 0.003 -21"><span class='ocrx_word' id='word_1_306' title='bbox 89 4192 103 4241; x_wconf 54' lang='lat' dir='ltr'><em>p</em></span> <span class='ocrx_word' id='word_1_307' title='bbox 132 4160 262 4239; x_wconf 68' lang='lat' dir='ltr'>illuuiem,</span> <span class='ocrx_word' id='word_1_308' title='bbox 281 4171 431 4226; x_wconf 78' lang='lat' dir='ltr'>secundum</span> <span class='ocrx_word' id='word_1_309' title='bbox 452 4175 481 4224; x_wconf 94' lang='lat' dir='ltr'>et</span> <span class='ocrx_word' id='word_1_310' title='bbox 500 4172 613 4224; x_wconf 81' lang='lat' dir='ltr'>tertiam</span> <span class='ocrx_word' id='word_1_311' title='bbox 642 4187 789 4240; x_wconf 81' lang='lat' dir='ltr'>personum</span> <span class='ocrx_word' id='word_1_312' title='bbox 815 4188 870 4225; x_wconf 90' lang='lat' dir='ltr'>non</span> <span class='ocrx_word' id='word_1_313' title='bbox 897 4169 979 4238; x_wconf 79' lang='lat' dir='ltr'>fecit,</span> <span class='ocrx_word' id='word_1_314' title='bbox 999 4167 1075 4222; x_wconf 85' lang='lat' dir='ltr'>codis</span> <span class='ocrx_word' id='word_1_315' title='bbox 1101 4168 1189 4224; x_wconf 86' lang='lat' dir='ltr'>cedit:</span> <span class='ocrx_word' id='word_1_316' title='bbox 1209 4169 1238 4224; x_wconf 89' lang='lat' dir='ltr'>in</span> 
     </span>
     <span class='ocr_line' id='line_1_43' title="bbox 135 4240 1255 4320; baseline -0.003 -13"><span class='ocrx_word' id='word_1_317' title='bbox 135 4240 208 4306; x_wconf 74' lang='lat' dir='ltr'>ilum</span> <span class='ocrx_word' id='word_1_318' title='bbox 222 4249 282 4304; x_wconf 77' lang='lat' dir='ltr'>iecit</span> <span class='ocrx_word' id='word_1_319' title='bbox 300 4254 407 4320; x_wconf 84' lang='lat' dir='ltr'>cette,</span> <span class='ocrx_word' id='word_1_320' title='bbox 428 4255 460 4306; x_wconf 87' lang='lat' dir='ltr'>ut</span> <span class='ocrx_word' id='word_1_321' title='bbox 478 4250 595 4305; x_wconf 80' lang='lat' dir='ltr'>Plautus</span> <span class='ocrx_word' id='word_1_322' title='bbox 614 4250 644 4304; x_wconf 93' lang='lat' dir='ltr'>in</span> <span class='ocrx_word' id='word_1_323' title='bbox 663 4268 679 4306; x_wconf 69' lang='lat' dir='ltr'>e</span> <span class='ocrx_word' id='word_1_324' title='bbox 696 4251 820 4306; x_wconf 78' lang='lat' dir='ltr'>‘Cette</span> <span class='ocrx_word' id='word_1_325' title='bbox 833 4295 838 4306; x_wconf 93' lang='lat'>.</span> <span class='ocrx_word' id='word_1_326' title='bbox 851 4251 949 4304; x_wconf 81' lang='lat' dir='ltr'>‚meo&#39;</span> <span class='ocrx_word' id='word_1_327' title='bbox 1006 4249 1119 4317; x_wconf 79' lang='lat' dir='ltr'>Pompei</span> <span class='ocrx_word' id='word_1_328' title='bbox 1140 4248 1255 4305; x_wconf 47' lang='lat' dir='ltr'>Commu</span> 
     </span>
     <span class='ocr_line' id='line_1_44' title="bbox 136 4324 1238 4399; baseline 0 -15"><span class='ocrx_word' id='word_1_329' title='bbox 136 4324 263 4392; x_wconf 75' lang='lat' dir='ltr'>I·240,23:</span> <span class='ocrx_word' id='word_1_330' title='bbox 283 4330 398 4387; x_wconf 85' lang='lat' dir='ltr'>‘Cette</span> <span class='ocrx_word' id='word_1_331' title='bbox 414 4332 554 4388; x_wconf 86' lang='lat' dir='ltr'>...meo&#39;</span> <span class='ocrx_word' id='word_1_332' title='bbox 576 4332 662 4385; x_wconf 79' lang='lat' dir='ltr'>habes</span> <span class='ocrx_word' id='word_1_333' title='bbox 683 4330 769 4385; x_wconf 84' lang='lat' dir='ltr'>etiam</span> <span class='ocrx_word' id='word_1_334' title='bbox 792 4331 866 4399; x_wconf 81' lang='lat' dir='ltr'>opud</span> <span class='ocrx_word' id='word_1_335' title='bbox 885 4330 1030 4395; x_wconf 83' lang='lat' dir='ltr'>Plautum,</span> <span class='ocrx_word' id='word_1_336' title='bbox 1050 4328 1078 4381; x_wconf 90' lang='lat' dir='ltr'>id</span> <span class='ocrx_word' id='word_1_337' title='bbox 1098 4330 1142 4382; x_wconf 83' lang='lat' dir='ltr'>eet</span> <span class='ocrx_word' id='word_1_338' title='bbox 1161 4330 1238 4384; x_wconf 83' lang='lat' dir='ltr'>‘dcte</span> 
     </span>
     <span class='ocr_line' id='line_1_45' title="bbox 138 4400 1238 4481; baseline 0 -20"><span class='ocrx_word' id='word_1_339' title='bbox 138 4400 188 4461; x_wconf 58' lang='lat' dir='ltr'>Viri</span> <span class='ocrx_word' id='word_1_340' title='bbox 201 4411 263 4462; x_wconf 88' lang='lat' dir='ltr'>neo’</span> <span class='ocrx_word' id='word_1_341' title='bbox 354 4413 648 4481; x_wconf 73' lang='lat' dir='ltr'>Pheeacp.436,15:</span> <span class='ocrx_word' id='word_1_342' title='bbox 673 4411 746 4465; x_wconf 90' lang='lat' dir='ltr'>Cedo</span> <span class='ocrx_word' id='word_1_343' title='bbox 766 4409 851 4464; x_wconf 83' lang='lat' dir='ltr'>etium</span> <span class='ocrx_word' id='word_1_344' title='bbox 871 4407 978 4461; x_wconf 85' lang='lat' dir='ltr'>numeri</span> <span class='ocrx_word' id='word_1_345' title='bbox 997 4407 1115 4476; x_wconf 75' lang='lat' dir='ltr'>pluralis</span> <span class='ocrx_word' id='word_1_346' title='bbox 1134 4408 1238 4461; x_wconf 87' lang='lat' dir='ltr'>lectum</span> 
     </span>
     <span class='ocr_line' id='line_1_46' title="bbox 139 4477 1239 4557; baseline -0.009 -7"><span class='ocrx_word' id='word_1_347' title='bbox 139 4477 167 4527; x_wconf 44' lang='grc' dir='ltr'>εει</span> <span class='ocrx_word' id='word_1_348' title='bbox 179 4488 238 4550; x_wconf 72' lang='lat' dir='ltr'>apud</span> <span class='ocrx_word' id='word_1_349' title='bbox 255 4491 392 4546; x_wconf 83' lang='lat' dir='ltr'>Plautum:</span> <span class='ocrx_word' id='word_1_350' title='bbox 416 4492 543 4546; x_wconf 86' lang='lat' dir='ltr'>‘Cette&#39;</span> <span class='ocrx_word' id='word_1_351' title='bbox 618 4491 729 4545; x_wconf 81' lang='lat' dir='ltr'>Murius</span> <span class='ocrx_word' id='word_1_352' title='bbox 743 4490 853 4543; x_wconf 76' lang='lat' dir='ltr'>Plotius</span> <span class='ocrx_word' id='word_1_353' title='bbox 872 4487 926 4557; x_wconf 90' lang='lat' dir='ltr'>[M.</span> <span class='ocrx_word' id='word_1_354' title='bbox 943 4486 1090 4555; x_wconf 79' lang='lat' dir='ltr'>Claudius]</span> <span class='ocrx_word' id='word_1_355' title='bbox 1106 4487 1239 4541; x_wconf 74' lang='lat' dir='ltr'>Sacerdos</span> 
     </span>
     <span class='ocr_line' id='line_1_47' title="bbox 135 4560 1238 4641; baseline -0.005 -13"><span class='ocrx_word' id='word_1_356' title='bbox 135 4560 370 4638; x_wconf 68' lang='lat' dir='ltr'>I14⁹0‚20:...ced0</span> <span class='ocrx_word' id='word_1_357' title='bbox 385 4572 493 4626; x_wconf 87' lang='lat' dir='ltr'>numeri</span> <span class='ocrx_word' id='word_1_358' title='bbox 508 4570 625 4641; x_wconf 80' lang='lat' dir='ltr'>pluralis</span> <span class='ocrx_word' id='word_1_359' title='bbox 642 4571 745 4624; x_wconf 86' lang='lat' dir='ltr'>cette:</span> <span class='ocrx_word' id='word_1_360' title='bbox 766 4568 804 4621; x_wconf 83' lang='lat' dir='ltr'>sic</span> <span class='ocrx_word' id='word_1_361' title='bbox 820 4568 935 4620; x_wconf 81' lang='lat' dir='ltr'>Plautus</span> <span class='ocrx_word' id='word_1_362' title='bbox 955 4570 984 4620; x_wconf 95' lang='lat' dir='ltr'>et</span> <span class='ocrx_word' id='word_1_363' title='bbox 1002 4565 1110 4633; x_wconf 84' lang='lat' dir='ltr'>antiqui</span> <span class='ocrx_word' id='word_1_364' title='bbox 1130 4584 1238 4622; x_wconf 86' lang='lat' dir='ltr'>comoe-</span> 
     </span>
     <span class='ocr_line' id='line_1_48' title="bbox 136 4627 1239 4724; baseline -0.006 -14"><span class='ocrx_word' id='word_1_365' title='bbox 136 4627 250 4710; x_wconf 64' lang='lat' dir='ltr'>d¹⁰If⁸Phi</span> <span class='ocrx_word' id='word_1_366' title='bbox 312 4653 353 4720; x_wconf 77' lang='lat' dir='ltr'>Cf.</span> <span class='ocrx_word' id='word_1_367' title='bbox 371 4652 419 4708; x_wconf 83' lang='lat' dir='ltr'>Gr.</span> <span class='ocrx_word' id='word_1_368' title='bbox 435 4653 469 4707; x_wconf 88' lang='lat' dir='ltr'>L.</span> <span class='ocrx_word' id='word_1_369' title='bbox 486 4654 506 4705; x_wconf 88' lang='lat' dir='ltr'>I</span> <span class='ocrx_word' id='word_1_370' title='bbox 514 4652 536 4704; x_wconf 86' lang='lat' dir='ltr'>V</span> <span class='ocrx_word' id='word_1_371' title='bbox 550 4668 580 4719; x_wconf 82' lang='lat' dir='ltr'>p.</span> <span class='ocrx_word' id='word_1_372' title='bbox 596 4654 692 4716; x_wconf 76' lang='lat'><strong><em>33,15</em></strong></span> <span class='ocrx_word' id='word_1_373' title='bbox 711 4656 735 4704; x_wconf 86' lang='lat' dir='ltr'>et</span> <span class='ocrx_word' id='word_1_374' title='bbox 754 4650 828 4718; x_wconf 65' lang='lat' dir='ltr'>Seru.</span> <span class='ocrx_word' id='word_1_375' title='bbox 845 4649 930 4717; x_wconf 75' lang='lat' dir='ltr'>Eupl.</span> <span class='ocrx_word' id='word_1_376' title='bbox 950 4649 981 4701; x_wconf 79' lang='lat' dir='ltr'>ie</span> <span class='ocrx_word' id='word_1_377' title='bbox 995 4646 1068 4702; x_wconf 76' lang='lat' dir='ltr'>Duo.</span> <span class='ocrx_word' id='word_1_378' title='bbox 1082 4664 1110 4715; x_wconf 79' lang='lat' dir='ltr'>p.</span> <span class='ocrx_word' id='word_1_379' title='bbox 1123 4651 1185 4714; x_wconf 86' lang='lat'><strong><em>551,</em></strong></span> <span class='ocrx_word' id='word_1_380' title='bbox 1193 4651 1239 4724; x_wconf 79' lang='lat'>33,</span> 
     </span>
     <span class='ocr_line' id='line_1_49' title="bbox 135 4705 627 4801; baseline 0.004 -18"><span class='ocrx_word' id='word_1_381' title='bbox 135 4705 192 4770; x_wconf 55' lang='lat' dir='ltr'>QG·</span> <span class='ocrx_word' id='word_1_382' title='bbox 209 4724 241 4779; x_wconf 77' lang='lat' dir='ltr'>L.</span> <span class='ocrx_word' id='word_1_383' title='bbox 262 4730 325 4801; x_wconf 73' lang='lat' dir='ltr'>Vp.</span> <span class='ocrx_word' id='word_1_384' title='bbox 341 4738 456 4801; x_wconf 82' lang='lat'><strong><em>633,16</em></strong></span> <span class='ocrx_word' id='word_1_385' title='bbox 529 4739 571 4785; x_wconf 84' lang='lat' dir='ltr'>cc.</span> <span class='ocrx_word' id='word_1_386' title='bbox 592 4732 627 4797; x_wconf 63' lang='grc' dir='ltr'>ι’)</span> 
     </span>
     <span class='ocr_line' id='line_1_50' title="bbox 127 4817 1029 4870; baseline -0.001 1"><span class='ocrx_word' id='word_1_387' title='bbox 127 4833 131 4844; x_wconf 95' lang='grc'><strong>“</strong></span> <span class='ocrx_word' id='word_1_388' title='bbox 973 4817 1029 4870; x_wconf 74' lang='lat'>11*</span> 
     </span>
    </p>
   </div>
   <div class='ocr_carea' id='block_1_15' title="bbox 0 0 1485 5678">
    <p class='ocr_par' dir='ltr' id='par_1_18' title="bbox 0 0 1485 5678">
     <span class='ocr_line' id='line_1_51' title="bbox 0 0 1485 5678; baseline 0 0"><span class='ocrx_word' id='word_1_389' title='bbox 0 0 1485 5678; x_wconf 95' lang='lat' dir='ltr'> </span> 
     </span>
    </p>
   </div>
  </div>
 </body>
</html>
