2956 5678
160 299 224 364 196
652 290 839 347 sspnnnlx
1173 297 1310 346 sor-en

160 458 215 512 tiss
234 458 379 512 adhibebat
395 456 566 524 Acidalius),
585 454 617 508 de
636 454 679 507 Ila
698 452 779 506 iilum
800 451 853 521 igo
873 452 951 521 sopit.
966 451 1127 522 Seyffertus,
1147 453 1182 506 de
1199 450 1245 505 lta
1262 468 1310 520 ega

160 557 222 592 sirm
244 536 406 604 Kasmpfius
424 536 456 589 de
472 551 553 603 prom
570 551 598 602 p.
621 539 646 589 9.

250 621 310 671 898.
335 616 420 669 Hunc
447 631 567 680 comm,
595 630 672 682 quem
700 614 751 667 uni
778 613 887 669 Medico
914 613 1098 669 continuabat
1127 612 1307 678 Camerarius,

162 699 227 752 inde
240 697 274 751 ab
290 695 477 750 Obserusmus
494 695 604 748 Medico
623 694 697 747 dedit
706 693 735 747 B
750 711 810 747 sum
824 694 971 758 Acidalio;
991 695 1043 748 uni
1056 693 1126 747 Seni
1144 709 1208 747 cum
1221 690 1308 746 ΒΓΖ

162 779 285 831 tribuens
313 775 492 830 obsernemus
520 772 660 828 hominem
687 774 766 828 traie.
794 773 898 828 Ooions
918 791 949 843 p.
970 779 1013 828 71.
1052 773 1130 828 Male
1157 788 1223 826 ecce
1248 788 1304 826 eum

162 857 336 912 Sebenbslias
355 856 435 909 Stud.
459 855 502 909 Pl.
519 870 548 922 p.
569 858 623 909 694
641 859 666 908 et
685 857 767 908 Assar
784 854 826 908 nel
844 853 914 907 Eum
935 855 987 922 (ael
1002 852 1076 907 Hinc
1093 853 1137 907 rel
1151 851 1243 920 Cium)
1260 869 1302 922 op

163 953 304 991 seruemus
331 934 484 989 Muellerus
510 936 599 988 eodem
624 935 687 988 loco.
727 933 769 1001 Of.
793 935 930 1004 Bsrplius
955 933 1055 1003 opusc.
1076 934 1097 986 I
1118 951 1149 1002 p.
1170 937 1222 987 us
1245 933 1301 985 adn.

163 1017 286 1072 Ceterum
314 1030 495 1084 opsernemus
512 1014 634 1082 pluralia
655 1015 773 1068 martine
798 1014 893 1068 Senem
912 1015 1000 1081 decet,
1027 1013 1244 1090 nannbledieum
1259 1014 1302 1081 qui

163 1097 318 1166 opssruubo
332 1096 428 1166 potius
445 1096 552 1150 diceret.

252 1181 311 1231 900.
333 1174 421 1239 Quom
435 1190 508 1242 quas
523 1190 567 1227 me
586 1175 660 1228 alum
675 1176 704 1229 'R
721 1190 784 1228 moe
798 1174 893 1228 omniu
911 1190 946 1229 ss.
963 1190 1025 1230 cum
1044 1174 1149 1229 Botbio
1167 1175 1295 1229 invertens.

166 1258 263 1311 Totum
285 1272 392 1310 vasum
413 1257 454 1309 sic
476 1255 614 1320 formabat
638 1252 829 1310 Flecler'senus
853 1254 955 1309 Plrilol.
976 1254 1019 1307 H
1041 1270 1070 1322 p.
1089 1259 1142 1309 89:
1170 1253 1242 1320 Quis
1258 1268 1294 1306 ns

163 1338 240 1391 ratus
264 1353 325 1389 sum
350 1335 442 1390 siucero
466 1333 540 1388 clam
563 1333 667 1401 omnis,
692 1333 788 1388 omniu
811 1350 845 1388 eu
866 1333 936 1387 feeit
953 1332 1058 1403 palam.
1096 1334 1146 1387 An
1163 1348 1197 1388 su
1213 1331 1292 1388 omnis

165 1415 292 1470 adistat?
315 1415 418 1470 Carrtra
438 1431 471 1469 ss
489 1412 585 1468 omnis
602 1413 672 1468 fecit
690 1416 743 1480 def.
768 1413 906 1468 Valdenus
930 1413 1023 1467 Herm.
1047 1412 1146 1467 XVII
1158 1431 1188 1483 p.
1204 1417 1290 1482 dotia.

164 1514 197 1550 eu:
216 1497 282 1550 lacis
297 1496 425 1550 similiter
444 1496 588 1564 corruptis.

236 1580 297 1630 903.
317 1590 370 1645 ego
389 1574 538 1629 hemonsrn
557 1574 683 1629 Botlrius.
704 1590 757 1644 sgo
777 1573 924 1626 homonem
939 1572 1079 1642 Berplius
1096 1571 1191 1642 Opusc.
1208 1569 1287 1624 Ius.

165 1673 220 1728 ego
239 1656 334 1710 hercle
354 1653 495 1709 hominem
507 1653 545 1708 il.
565 1671 618 1724 ego
633 1653 776 1708 hominem
795 1650 889 1706 hercle
904 1652 1107 1718 Flcelssissnus‚
1124 1651 1171 1706 cui
1185 1666 1241 1705 naa
1253 1648 1290 1719 pol

167 1754 219 1806 ego
239 1735 381 1790 hominem
396 1735 505 1803 placuit
520 1733 611 1803 Epist.
618 1752 647 1803 p.
666 1734 793 1788 XVIII.
822 1748 875 1802 ego
894 1731 978 1787 hodie
998 1731 1143 1787 hominem
1163 1732 1288 1786 Muellerus

170 1817 249 1871 Pras.
266 1833 295 1884 p.
317 1820 377 1870 709.
408 1830 461 1884 ego
480 1812 620 1868 hominem
640 1814 724 1868 hodie
744 1814 881 1868 anlssius
900 1813 994 1869 Herm.
1013 1812 1060 1866 1⁷1
1074 1831 1104 1882 p.
1118 1816 1180 1867 275.
1198 1841 1226 1851 -
1240 1810 1285 1865 uiis

166 1898 316 1951 deuoluum
338 1893 520 1949 Came-rarius.
549 1893 611 1947 uita
630 1893 688 1948 ium
716 1895 846 1949 snoluum
864 1894 893 1948 B
908 1900 1004 1964 postca
1027 1892 1108 1948 nitud
1126 1891 1283 1948 comnmdm

167 1975 237 2029 Nou.
258 1992 313 2030 exc.
329 1976 350 2027 I
363 1992 392 2043 p.
404 1979 440 2028 64
459 1991 519 2028 cum
538 1973 639 2028 Bottia
654 1979 678 2027 et
692 1974 856 2030 Baccbelsro
869 1976 902 2029 de
915 1975 982 2029 dccl.
997 1992 1028 2044 p.
1039 1977 1084 2028 48.
1112 1971 1141 2026 ui
1158 1971 1212 2026 nitu
1226 1970 1282 2024 susl-

167 2071 231 2108 usm
251 2055 388 2124 Bespbius
406 2054 454 2122 (cs.
473 2055 554 2108 etiam
577 2053 687 2108 ‘Beitn’
704 2072 735 2124 p.
756 2058 811 2123 70).
848 2053 909 2108 uite
928 2052 1044 2108 suitabo
1061 2055 1172 2108 (lnious.
1194 2053 1227 2107 m
1239 2066 1279 2105 sos

167 2141 205 2189 est
225 2136 298 2204 quod
316 2135 422 2189 duobus
445 2134 510 2187 locis
529 2150 633 2188 versum
652 2135 738 2189 labem
757 2136 876 2189 tracisse
893 2140 1057 2189 statuamus.
1094 2132 1137 2187 Dc
1155 2129 1278 2201 oppidoct.

167 2215 316 2284 Lampenus
335 2215 418 2268 Amal.
442 2214 486 2267 Pl.
505 2213 566 2267 ΙΙΙ
578 2231 606 2282 p.
627 2218 708 2283 lisa.

256 2299 316 2349 905.
336 2310 400 2348 mss
414 2293 509 2347 anima
523 2292 604 2362 priuo
622 2293 712 2347 uirum
728 2295 893 2350 Ribbeckius
907 2313 938 2364 p.
954 2298 1016 2350 546.
1047 2292 1104 2348 ium
1123 2294 1175 2348 mei
1190 2289 1277 2363 priuubs

168 2375 259 2428 uirum
278 2374 338 2429 coll.
358 2374 460 2438 Afran.
481 2376 537 2426 152
557 2369 596 2426 Ε.
640 2372 703 2427 Vna
721 2391 780 2429 aum
800 2377 969 2430 antecedenti
987 2376 1061 2429 liuns
1077 2391 1102 2429 o.
1120 2374 1168 2428 dcl.
1185 2372 1278 2427 Sam

169 2455 284 2524 burqius
299 2470 329 2522 p.
349 2457 385 2509 33
395 2469 449 2522 sqq.
488 2451 558 2506 Max
576 2453 608 2504 ut
627 2469 686 2506 mos
706 2457 749 2508 est
766 2453 960 2509 meretricibus
981 2453 1162 2509 Camerarius.

256 2539 315 2586 909.
336 2533 408 2586 Ante
425 2532 498 2586 hunc
523 2548 548 2586 v.
568 2533 697 2587 lacunam
714 2536 812 2588 statuit
830 2535 1008 2604 Ladona-ipius
1027 2534 1179 2604 obloquente
1194 2530 1277 2586 Brisio.

169 2645 195 2652 -
227 2614 256 2667 V.
278 2618 329 2665 910
355 2629 404 2666 cur
424 2615 547 2665 exsertus
568 2613 710 2666 brachium
730 2615 792 2668 iecit
810 2614 972 2669 Lambinus.

257 2699 316 2747 912.
337 2692 383 2746 Sn.
404 2689 504 2759 ecquid
524 2691 628 2745 sentis?
648 2693 726 2749 Mun.
747 2692 846 2763 quidni
865 2692 1004 2748 sentiam?
1024 2695 1086 2749 Non
1105 2696 1193 2764 potest
1207 2703 1277 2759 aas

168 2775 197 2827 il
216 2792 276 2828 cum
296 2774 440 2827 Acidalio:
459 2773 592 2827 librorum
611 2774 829 2828 distributionem
847 2779 937 2829 ecroat
960 2773 1113 2844 Vssinpius.

257 2859 317 2907 913.
337 2851 454 2907 ellebori
474 2850 597 2922 unguine
617 2854 684 2908 duce
703 2855 751 2909 Bb
772 2855 969 2910 Lachmannus
990 2851 1279 2924 Opusc.lp.189(m·

170 2937 224 2988 rito
243 2934 400 3001 improbans
424 2933 565 3003 culpatam
588 2933 707 3002 ingers):
729 2937 801 3004 qssod
820 2936 978 3005 probarunt
1002 2951 1063 2989 cum
1083 2933 1112 2986 il
1129 2949 1222 2993 ornus.
1240 2927 1281 2982 risi

168 3015 239 3083 quod
258 3029 312 3066 uno
333 3012 454 3081 unguine
475 3013 625 3066 liariter-us
639 3014 716 3068 Pras.
733 3033 762 3085 p.
779 3019 841 3071 578.
879 3016 919 3069 At
938 3032 999 3069 cum
1017 3015 1129 3069 omnino
1146 3030 1197 3068 noa
1212 3012 1282 3081 spitus

168 3096 201 3146 dc
220 3091 336 3146 ellebori
355 3092 477 3159 unguine
496 3094 542 3162 (cf.
562 3096 631 3157 950,
650 3094 698 3162 al.)
718 3099 775 3148 tum
794 3097 977 3150 desideramus
995 3096 1071 3149 modi
1087 3094 1284 3164 sipnifisatiomn

169 3173 310 3240 puarrdam
329 3189 439 3240 rarisque
457 3178 655 3242 esapperatam.
694 3175 742 3226 An-
760 3177 863 3229 asstitit
882 3173 1006 3244 iugmine
1026 3178 1074 3242 (=
1094 3170 1239 3241 iumento)?

258 3258 407 3305 915-917.
428 3252 475 3307 Sic
493 3253 635 3306 constituit
653 3254 695 3307 tl:

223 3332 323 3386 Album
345 3351 381 3386 sn
401 3335 494 3386 atrum
513 3335 608 3386 ninum
628 3336 728 3400 potas?
746 3335 825 3388 ΜΕΝ.
847 3334 920 3398 Quid
938 3334 993 3389 tibi
1011 3335 1169 3404 quaesitost
1185 3337 1260 3401 opus?

223 3414 337 3468 Muris
409 3429 426 3467 s
498 3430 515 3467 s
588 3430 605 3466 s
676 3430 694 3468 s
748 3414 825 3468 Mun.
847 3415 920 3479 Quin
939 3418 969 3468 tn
984 3415 1009 3468 is
1024 3416 1054 3467 in
1068 3415 1171 3468 maliem
1185 3412 1292 3467 crucem?

224 3493 292 3548 Suu.
313 3492 371 3547 lum
391 3492 484 3546 hercle
505 3496 636 3561 occeptat
654 3494 777 3549 insanire
795 3494 953 3564 primulum.
987 3495 1069 3549 Meu
1079 3494 1152 3560 Quin
1170 3497 1200 3549 tri
1218 3509 1297 3562 segur,

168 3576 285 3627 mediam
304 3590 409 3628 versum
427 3574 467 3626 sic
485 3575 679 3627 reconsinnare
698 3580 812 3629 constris
832 3574 929 3643 (lpusc.
950 3574 991 3626 II
1005 3592 1035 3643 p.
1054 3578 1170 3644 mssa.
1197 3572 1297 3646 <Magni

168 3653 267 3721 refert,
292 3653 340 3722 qui
369 3652 445 3707 colos
474 3651 541 3722 sit.)
568 3658 592 3706 et
610 3670 633 3706 o.
654 3660 705 3707 917
733 3656 764 3707 tu
789 3670 871 3723 rogus
895 3671 956 3709 cum
976 3654 1077 3709 Bolbio
1096 3658 1202 3724 <ponsa
1219 3656 1300 3707 inseite

169 3734 288 3803 primum
309 3734 482 3803 corriperis),
510 3748 561 3801 pro
580 3749 632 3802 qno
651 3735 716 3787 olim
736 3751 780 3786 me
798 3750 881 3803 rogus
901 3734 1012 3788 dederat
1030 3736 1074 3803 (tu
1092 3736 1175 3789 etiam
1196 3733 1303 3804 Pylade

168 3815 244 3882 del.):
262 3815 311 3867 abi
325 3820 429 3868 seruato
445 3815 475 3866 bn
490 3831 534 3867 me
549 3812 706 3881 interrogas
721 3815 863 3868 Bentlsius
881 3812 973 3868 furere
988 3829 1043 3882 pro
1064 3812 1200 3881 insanire,
1221 3812 1304 3867 Valli-

169 3909 221 3945 nus
241 3899 331 3947 autem
349 3895 400 3947 sie:

294 3973 396 4026 Album
417 3991 453 4027 an
472 3975 561 4026 atrum
582 3972 678 4027 ninum
697 3977 797 4042 potas?
817 3972 897 4028 ΜΕΝ.
919 3971 992 4037 Quin
1012 3975 1043 4027 tu
1063 3972 1086 4027 is
1106 3971 1139 4026 in
1157 3974 1259 4029 mulum

809 4058 939 4108 crucem?

205 4133 273 4185 Suu.
303 4132 361 4186 Iam
394 4134 487 4187 hercle
517 4136 646 4203 occeptat.
676 4132 798 4188 insanire
825 4130 984 4203 primulum.
1018 4131 1120 4204 (Mun.
1148 4133 1222 4198 Quin
1249 4136 1279 4187 tu

807 4212 923 4285 incest>

296 4292 368 4356 Quid
387 4293 440 4347 tibi
459 4293 597 4367 <autern>
613 4295 739 4364 quaesito
761 4312 830 4365 opus
856 4297 916 4348 est?
943 4291 1015 4357 Quin
1043 4295 1075 4346 tu
1103 4295 1165 4348 med
1193 4295 1279 4349 inter-

807 4391 890 4444 roges
909 4391 929 4428 e.
948 4390 973 4444 a.
993 4389 1013 4427 s.
