2956 5678
186 382 277 437 XXVI
651 369 857 434 PRAEFATIO

186 544 339 628 diderint,
368 544 541 629 Vssingius
568 549 642 628 post
670 544 868 631 Moderotria
897 509 1006 626 potius
1030 543 1154 624 1100000
1176 541 1327 606 inseruit:

186 651 272 737 quod
296 674 368 716 eum
391 653 472 716 bene
492 651 672 717 instituisse
691 656 725 715 01
747 633 881 715 1000000
900 651 985 714 ratio
1006 649 1107 733 docet,
1126 671 1223 733 quam
1242 670 1327 713 eom·

185 761 298 843 parato
331 782 361 825 v.
379 759 445 825 523
476 759 651 842 aperimus,
680 763 713 823 et
743 758 834 823 locus
866 757 1041 841 parallelus
1073 757 1152 820 item
1181 777 1220 819 ex
1248 752 1328 819 Cur·

184 864 311 929 0011000
343 865 569 931 adsciscendos
601 888 629 930 v.
648 866 714 931 486
748 853 892 949 ‘linguae
924 863 1188 927 moderandumst
1220 861 1327 928 mihi’.

185 971 255 1036 lam
279 973 305 1036 si
330 972 392 1037 sibi
416 972 610 1055 respondere
634 971 820 1037 statuimus:
864 1049 866 1054 .

366 1117 417 1166 523

402 1189 1162 1264 00000000000<00010000>000000000000000010

366 1277 417 1326 538

397 1349 1175 1426 0000000010(0100000>00000000010000000000
1271 1415 1273 1420 ,

186 1511 283 1554 0000
303 1489 435 1555 obstare
454 1489 589 1572 videtur,
609 1480 694 1574 quod
719 1512 745 1554 v.
760 1487 935 1554 523-531
957 1487 1085 1552 etiamsi
1109 1485 1188 1552 duos
1212 1510 1326 1556 versus

184 1595 390 1679 inscriptioni
413 1596 626 1661 intercedenti
648 1596 834 1674 tribuimus,
856 1594 950 1659 XVII
975 1598 1104 1660 tantum
1128 1615 1240 1659 versus
1260 1595 1328 1659 efli-

184 1703 287 1785 01001,
315 1702 379 1766 nisi
408 1725 523 1787 parum
556 1702 624 1769 veri
651 1702 801 1768 similiter
828 1705 895 1766 tres
924 1701 1123 1785 septenarios
1150 1700 1326 1784 bipartitus

183 1808 284 1874 fuisse
314 1809 480 1890 sumimus.
526 1809 597 1875 Hoc
624 1830 701 1874 vero
729 1809 808 1873 adeo
836 1807 1077 1873 incommodum
1104 1828 1169 1872 non
1198 1810 1264 1891 est,
1291 1813 1327 1871 ut

183 1938 302 1982 novum
320 1899 562 2001 potius'afferat
580 1915 794 1981 commodum.
827 1914 912 1979 Nem
932 1915 965 1978 in
980 1913 1067 1978 exitu
1087 1935 1222 1978 scaenae
1238 1913 1325 1978 illius

172 2022 341 2107 ·quaedam
359 2021 438 2088 adeo
458 2022 650 2116 inconcinna
669 2025 755 2103 sunt,
773 2025 810 2086 ut
828 2020 1090 2104 interpolationis
1110 2019 1325 2103 suspicionem
1360 2074 1361 2078 ,

184 2128 357 2193 Muellerus
381 2128 526 2194 moverit.
562 2126 633 2193 Nos
657 2149 733 2193 vero
757 2149 828 2192 cum
853 2151 882 2192 v.
901 2128 964 2192 531
991 2128 1212 2192 consentiente
1237 2124 1327 2211 Seyf-

183 2236 267 2300 ferto
298 2234 434 2299 duorum
461 2233 742 2299 hemistichiorum
771 2232 999 2298 detrimentum
1027 2234 1240 2317 signavimus,
1270 2234 1324 2298 ubi

184 2341 240 2406 ulii
259 2340 480 2421 demutandis
503 2341 612 2424 potius
631 2341 738 2404 verbis
757 2339 885 2404 traditis
904 2340 1136 2426 cogitaverant,
1159 2346 1229 2405 tum
1250 2346 1326 2405 ante

155 2471 211 2512 .v.
231 2448 309 2533 535,
342 2448 397 2513 ubi
424 2448 469 2511 Et
499 2447 580 2512 illud
607 2468 705 2528 00000
736 2451 772 2516 et¹
794 2447 848 2511 hoc
877 2447 1012 2527 formido
1040 2468 1104 2511 non
1134 2445 1234 2512 habet
1262 2470 1325 2533 quo

184 2554 352 2639 referatur,
379 2554 529 2618 lacunam
557 2552 750 2636 deteximus,
779 2575 860 2636 quae
889 2553 983 2617 facile
1011 2553 1147 2617 duorum
1176 2576 1325 2619 versuum

86 2682 95 2700 ·
183 2683 252 2726 esse
275 2661 393 2746 potuit.
439 2659 527 2736 Quae
551 2659 706 2724 divinatio
729 2659 794 2723 iam
818 2658 892 2723 inde
916 2660 1155 2745 corroboratur,
1180 2660 1267 2746 quod
1291 2661 1324 2725 in

184 2767 359 2851 archetypo
379 2767 473 2850 plura
492 2766 548 2831 illo
567 2765 638 2831 1000
659 2769 787 2837 servata
805 2765 905 2831 fuisse
924 2788 963 2830 ex
982 2765 1174 2831 damnorum
1192 2767 1324 2832 illorum

182 2878 339 2940 concentu
362 2874 528 2939 efficimus.
718 2925 724 2937 ,

270 2980 442 3046 Praeterea
460 2981 554 3046 huius
569 2980 640 3045 folii
655 2980 740 3066 quod
756 2982 797 3046 ab
814 3003 841 3045 v.
857 2980 939 3046 523:
951 2980 1015 3046 538
1035 2979 1211 3064 incipiebat
1225 2981 1326 3046 etism

116 3153 120 3161 ,
183 3088 289 3153 ultimi
301 3109 423 3161 ,versus
439 3125 480 3134 —
496 3088 572 3153 item
593 3092 629 3153 ut
652 3088 724 3153 folii
745 3087 966 3154 antecedentis
982 3123 1023 3134 -
1039 3087 1205 3153 obscurati
1225 3087 1326 3153 fuisse

184 3195 340 3263 videntur.
380 3193 467 3261 Nam
490 3218 519 3261 v.
538 3196 601 3261 537
625 3201 660 3261 ut
681 3196 770 3262 illaec
791 3195 879 3261 bodie
900 3193 1327 3279 0001000310(Μοον01010

182 3302 347 3387 <linpaoc>
363 3301 441 3388 fait)
465 3303 526 3368 etsi
550 3303 726 3368 extiterunt
745 3303 800 3387 qui
821 3306 991 3385 est-quot
1008 3303 1107 3393 modis
1126 3301 1341 3374 coniunctio.

182 3430 254 3483 nem
283 3409 479 3493 singularem
508 3408 727 3489 defenderent,
754 3413 863 3474 tamen
896 3409 992 3473 fidem
1026 3429 1120 3494 aegre
1152 3408 1328 3490 invenient,

181 3515 242 3581 hoc
265 3515 404 3581 maxime
427 3516 513 3602 1000,
536 3515 591 3581 051
614 3516 838 3600 000100001οε
865 3517 1015 3600 deinceps
1039 3515 1184 3599 sequitur
1207 3517 1326 3598 repeti-

110 3609 113 3615 ’
181 3627 259 3688 tum.
302 3622 374 3700 Quo
398 3607 521 3689 accedit
544 3623 648 3689 altera
671 3622 804 3688 offensio
828 3622 862 3686 in
885 3622 957 3707 ipso
980 3622 1068 3688 bodie
1090 3621 1244 3686 adverbio
1271 3619 1327 3710 (cf.

182 3731 317 3814 append.
336 3726 436 3817 crit.):
460 3729 544 3814 quod
564 3729 625 3794 etsi
643 3751 708 3794 non
726 3729 867 3793 nesciam
886 3728 1057 3793 debilitata
1076 3729 1204 3812 saepius
1225 3728 1325 3814 signi-

182 3836 330 3901 ficatione
353 3836 512 3922 usurpari,
535 3841 643 3923 tamen
668 3857 752 3920 nego
777 3834 932 3900 hocloco
955 3835 1033 3899 ferri
1056 3856 1161 3920 00000,
1185 3835 1328 3918 0010110

182 3941 314 4025 insuper
341 3944 465 4008 ratione
495 3944 631 4026 ipsaque
659 3927 791 4026 apertae
821 3942 953 4006 lacunae
982 3941 1226 4025 propinquitate
1256 3963 1326 4006 000-

180 4052 293 4133 pectus
321 4047 373 4113 011.
418 4048 541 4126 Quodsi
574 4049 679 4114 minus
707 4048 836 4132 placeat
863 4049 943 4136 10010
972 4051 1170 4130 correctura,
1199 4069 1264 4132 qua
1292 4053 1347 4113 ut*

181 4155 270 4220 illaec
301 4154 370 4220 odio
402 4152 484 4241 (scil.
509 4153 603 4220 ‘fuit'
631 4176 668 4218 ex
701 4152 863 4239 proximo)
881 4154 1027 4239 scripsi,
1055 4142 1186 4219 verbum
1220 4152 1329 4241 (velut

181 4259 272 4346 lusit)
297 4261 448 4326 haustum
477 4263 687 4343 lacunamque
716 4281 794 4323 voce
822 4260 910 4325 hodie
937 4262 1019 4325 male
1046 4261 1229 4344 suppletam
1255 4285 1327 4326 esse

182 4391 300 4434 sumas.
347 4368 442 4434 Certe
472 4374 508 4432 ut
539 4365 592 4431 hic
625 4387 736 4430 versus
769 4365 902 4431 ultimus
935 4368 1074 4451 paginae
1108 4371 1214 4431 rectae
1248 4373 1328 4432 ante

183 4476 278 4540 finem
310 4475 411 4541 talem
438 4474 654 4560 suspicionem
681 4471 813 4556 excitet,
840 4473 888 4538 ita
919 4474 1053 4538 ultimus
1086 4473 1225 4558 paginae
1255 4498 1329 4541 ver-
