2940 5062
613 342 814 399 VIDVLARIA
1223 349 1285 413 135

677 501 742 558 VIII

139 607 301 695 Inopiam,
325 611 463 696 lemtim,
487 633 681 697 maerorem,
704 618 942 698 ponporiaiem,
966 616 1089 700 sienim,
1112 615 1240 682 famem.

694 787 733 841 IX

137 867 292 962 Iiinsdem
316 896 464 963 Bacchei
487 897 632 963 fecerunt
654 900 801 963 nistrem
824 921 940 964 nauem
964 884 1154 967 Pentheum.

699 1065 724 1118 X

139 1173 177 1238 A.
201 1156 396 1257 Oppositast
409 1173 586 1238 clexe'ndix.
623 1173 659 1239 Β.
683 1174 730 1239 At
745 1196 805 1260 ego
821 1175 909 1260 signi
923 1176 1027 1242 dicam
1043 1174 1120 1261 quid
1135 1179 1205 1245 siet.
1231 1197 1281 1245 105

690 1331 730 1384 XI

134 1437 270 1524 Signum
293 1444 381 1535 recte
404 1441 616 1524 sinperebat:
639 1440 734 1505 hnius
754 1444 903 1507 contendi
927 1444 1068 1510 inulum.

680 1615 733 1669 XII

132 1724 238 1790 Immo
262 1723 295 1789 id
319 1724 404 1808 quod
427 1725 507 1790 haec
530 1726 675 1790 nostrisi
698 1727 804 1810 patria
828 1731 861 1791 et
884 1729 969 1813 quod
995 1727 1047 1794 hic
1073 1752 1162 1795 meus

132 1829 335 1914 Pater,1'llic
359 1836 465 1896 autem
490 1830 645 1896 soterinis
670 1835 719 1897 ist
741 1838 841 1917 pater.

133 2099 281 2182 Pauperi
303 2098 383 2162 haec
406 2120 456 2163 res
481 2104 531 2163 est
606 2138 611 2148 ·
671 2025 737 2101 m

202 2290 267 2345 VIII
286 2291 450 2346 Priscianus
463 2291 484 2344 Ι
497 2291 540 2359 (G.
551 2292 584 2345 L.
595 2292 645 2358 ΙΙ)
663 2308 691 2361 p.
707 2294 773 2357 235,
788 2296 805 2344 4
821 2293 866 2361 (cf.
879 2309 908 2360 p.
926 2295 1003 2359 192).-
1024 2291 1130 2361 ‘Algon
1149 2292 1277 2361 algoris'‚

133 2370 208 2439 quod
237 2368 322 2424 etiem
354 2367 410 2422 ‘hio
438 2370 527 2438 aigne,
546 2370 628 2423 huius
647 2371 739 2441 elgns'
761 2370 871 2425 dicilur.
914 2370 1030 2426 Plautus
1058 2372 1087 2425 in
1115 2371 1277 2427 vidularia:

135 2449 321 2520 ‘Inopiam
337 2492 343 2504 .
359 2449 513 2504 .Iamem’
590 2456 648 2504 103.
668 2468 803 2506 merorem
817 2453 941 2523 plerique
959 2453 1026 2506 libri
1043 2453 1186 2506 Prisciani
1205 2453 1240 2522 (·)

131 2530 171 2584 IX
190 2530 355 2585 Priscianus
373 2528 394 2581 I
409 2527 456 2598 (G.
476 2530 509 2584 L.
530 2530 582 2599 11)
597 2535 772 2599 p.299,15:
797 2531 942 2585 Inuenitnr
960 2531 1103 2586 tamenin
1121 2549 1173 2586 usu
1192 2532 1276 2586 etiam

131 2613 160 2666 in
180 2611 251 2664 ‘um'
272 2609 448 2664 accusatione
476 2610 667 2666 huiuscemodi
694 2612 836 2665 nominum
865 2613 900 2682 (t.
920 2629 942 2665 e.
966 2613 998 2665 in
1021 2629 1069 2666 cue
1097 2614 1273 2683 exeuntium).

131 2692 229 2747 fficero
251 2734 257 2746 .
281 2733 288 2745 .
313 2688 453 2744 ,Plautus
476 2689 506 2743 in
525 2691 684 2745 Vidnlerin:
714 2691 891 2745 ‘Eiusdem
912 2736 917 2746 .
942 2735 948 2748 .
974 2690 1201 2747 .Pentheum’

132 2779 192 2826 104.
211 2771 317 2826 bacche
336 2771 377 2824 eei
395 2770 482 2824 bache
501 2773 603 2825 codices
621 2773 657 2840 (*)
764 2770 789 2823 X
821 2771 868 2825 Ac
899 2770 1041 2825 Prisciani
1062 2771 1084 2823 Ι
1104 2772 1149 2839 (G.
1168 2773 1203 2827 L.
1224 2775 1276 2844 ΙΙ)

124 2856 364 2923 p.165,128qq.
396 2853 429 2904 in
460 2852 597 2907 codicibus
632 2854 697 2906 laec
733 2852 873 2919 adscripto
910 2853 1102 2907 inveniuntur:
1140 2852 1275 2909 Similiter

129 2933 211 2988 radix
230 2930 378 2986 claxendix
398 2931 471 2998 quod
490 2930 632 3000 significet
650 2932 784 2987 concham
804 2947 860 2998 qua
879 2931 989 2998 signnm
1008 2931 1120 2999 tegitur.
1158 2933 1274 2988 Plenius

129 3014 158 3068 in
186 3012 344 3080 Vidnloria:
376 3011 561 3079 ‘Opposita
598 3010 824 3068 eet...sit’:
856 3012 891 3076 cf.
920 3011 1032 3080 Hoycni
1063 3013 1166 3067 Anici.
1194 3015 1274 3068 Helo.

126 3112 156 3162 p.
175 3091 353 3147 CLXXIX.-
371 3089 525 3144 claxendix
543 3091 627 3146 tubae
646 3090 775 3145 custodia
793 3090 874 3157 qnasi
893 3084 1059 3144 caloiendix
1078 3094 1194 3147 anetho
1208 3095 1274 3148 kalo

129 3173 205 3227 idest
223 3188 295 3226 uoco
314 3171 360 3225 uel
379 3171 541 3225 celnxendix
556 3172 631 3239 qnod
646 3172 786 3241 significat
804 3186 890 3224 conca
908 3169 981 3223 idest
999 3172 1074 3236 tuba,
1094 3189 1150 3239 qua
1164 3173 1274 3242 signnm

130 3253 275 3323 detegitur
302 3249 377 3305 idest
404 3249 529 3319 operitur
557 3252 586 3305 ei
613 3252 657 3304 eei
684 3249 868 3320 compositum
897 3267 914 3303 a
941 3249 1054 3305 nomine
1078 3251 1176 3304 elassis
1199 3251 1274 3306 idest

127 3334 215 3388 tubae
234 3334 265 3386 et
279 3331 368 3385 altero
388 3331 500 3384 nomine
520 3331 598 3399 dicis,
616 3331 692 3385 idest
709 3330 913 3384 manifestatio:
933 3330 1079 3384 claxendix
1098 3330 1167 3384 tuba
1184 3332 1273 3384 mani-

126 3412 259 3467 festatnx
332 3412 412 3465 Adue
432 3411 541 3467 Ostern.
558 3429 587 3480 p.
603 3417 656 3465 151
719 3415 776 3464 105.
797 3408 927 3479 opposita
946 3414 987 3464 ost
1006 3412 1109 3463 codices
1163 3409 1271 3463 clneen-

126 3494 174 3547 ἀί]
189 3493 248 3548 GL
311 3493 342 3545 nt
361 3490 470 3544 neroG
534 3491 588 3545 siet
606 3492 730 3546 Botliius.
751 3491 789 3544 sit
806 3492 908 3545 codices
961 3490 1038 3543 lnter
1056 3491 1127 3543 dices
1141 3506 1273 3558 personas

130 3574 276 3627 distribuit
298 3570 501 3626 Studentuncius
526 3572 640 3625 alterum
659 3579 765 3640 partein
789 3570 932 3625 Nicodemi
954 3587 1008 3624 esse
1032 3576 1110 3623 notus
1128 3571 1167 3637 (*)

125 3652 163 3705 Xl
193 3651 306 3705 Nonius
329 3668 360 3719 p.
374 3653 442 3717 258,
456 3654 505 3704 35:
538 3651 712 3705 Contendere
741 3651 881 3719 significat
909 3666 1071 3717 conparare.
1108 3648 1224 3700 Plautus
1244 3648 1273 3700 in

124 3732 286 3787 Viduli-ria:
307 3730 669 3799 ‘Signum...ennlum’
746 3737 805 3784 106.
825 3730 996 3799 conparebal
1014 3729 1060 3781 12¹.
1092 3727 1274 3799 comparebat

121 3815 180 3868 rell.
201 3809 385 3880 comparebat
404 3809 546 3863 Mercous
564 3809 600 3878 (²³)
673 3810 725 3863 IIII
744 3811 908 3865 Priscianus
919 3811 939 3861 Ι
952 3807 1272 3878 (G.L.11)p.317,1o:

123 3895 154 3947 ln
175 3891 224 3944 ‘is'
245 3890 412 3960 productam
427 3888 534 3943 Graece
553 3893 582 3943 ei
600 3891 703 3944 Latina
727 3890 881 3944 masculine
905 3890 951 3941 nel
974 3887 1108 3940 feminine
1133 3887 1177 3941 nel
1198 3903 1271 3940 com·

121 3971 234 4026 munia.
245 4015 251 4025 .
264 3969 359 4025 .‘haec
379 3970 499 4036 Soteris,
517 3970 598 4023 huius
614 3969 775 4025 Soterinie’:
795 3969 911 4023 Planius
931 3967 960 4020 in
972 3969 995 4019 V
999 3966 1133 4020 idnlnrin:
1154 3965 1272 4020 ‘immo

122 4051 289 4122 ...poter'
368 4056 427 4104 107.
446 4049 516 4103 haec
536 4052 632 4104 nostro
651 4054 693 4103 est
712 4052 815 4104 codices
833 4049 871 4118 (*)

212 4128 280 4183 XIII
300 4130 499 4184 Priscianusl
518 4131 564 4198 (G.
575 4131 608 4184 L.
623 4131 674 4199 II)
689 4148 717 4198 p.
738 4133 803 4196 152,
818 4135 850 4183 8:
870 4129 986 4195 Pauper,
1005 4124 1083 4179 cuine
1103 4125 1269 4180 femininum

120 4214 150 4266 in
172 4229 190 4265 s
213 4226 325 4281 qnoque
353 4209 539 4264 uetustissimi
567 4211 753 4279 proferebant.
797 4209 913 4262 Plautus
933 4207 961 4259 in
981 4205 1139 4259 Vidulnrin:
1169 4206 1270 4258 ‘Peu-

120 4308 206 4361 pere
238 4291 322 4344 haec
353 4305 407 4343 ree
440 4290 507 4343 eet’
613 4288 721 4342 Probus
741 4289 843 4342 Cathol.
859 4292 967 4354 16,13.·
1001 4285 1109 4338 Diolinr
1141 4288 1170 4338 et
1202 4285 1271 4344 haec

120 4389 257 4441 paupera.
290 4368 418 4423 Plautus:
449 4368 618 4438 ‘Paupera
642 4370 725 4422 haec
748 4385 800 4420 res
824 4368 890 4421 eet’
915 4368 964 4419 ubi
992 4380 1115 4433 paupere
1140 4364 1271 4432 postest

124 4455 156 4506 in
173 4468 260 4520 moro.
280 4451 337 4505 cod.
356 4449 438 4515 Bon,
457 4449 525 4503 hoec
545 4465 588 4502 ree
607 4451 650 4502 est
669 4463 793 4518 paupere
811 4449 894 4502 editio
909 4447 1039 4516 princeps
1119 4449 1177 4498 109.
1198 4442 1234 4512 (⁸)
