2940 5062
559 338 774 393 PRAEFATIO.
1175 334 1238 389 XXI

188 500 237 567 De
258 500 453 587 Scaligeri
476 506 510 566 et
532 501 658 567 Reizii
682 501 851 586 scripturis
875 501 1081 565 conferantur
1104 499 1239 584 quaein

97 608 196 693 praei.
218 608 348 693 Epidici
369 632 399 693 p.
423 607 501 673 XXI
525 608 598 673 dixi.
644 608 889 672 ltitselrelius
914 606 994 670 nihil
1018 606 1238 671 adnotaverat.

95 714 313 803 ‘Catapultas'
323 716 422 782 asoa
438 738 477 781 ex
491 716 632 801 epistola
645 716 713 780 eius
728 716 768 779 ad
779 714 1020 780 Fleckeisenum
1033 714 1110 778 data
1124 714 1239 796 recepi.

185 821 278 900 Quod
301 823 402 907 praef.
424 822 553 908 Epidici
576 845 607 907 p.
631 821 690 886 XX
720 823 901 906 suspicatus
926 843 1028 903 eram,
1056 819 1239 902 complures

95 932 251 996 lectiones
274 930 459 1014 Pyladem
487 929 636 995 hausisse
663 953 700 992 ex
730 929 797 993 Pal.
821 928 868 992 Vl
892 925 968 1013 (No.
996 928 1108 1013 1619),
1139 926 1238 990 etiam

96 1038 133 1103 iu
151 1035 344 1103 Curculione
367 1037 414 1101 ita
436 1057 506 1101 esse
525 1036 688 1120 perspexit
713 1035 767 1099 sed
793 1035 873 1099 satis
898 1056 969 1098 esse
992 1034 1067 1098 duxi
1091 1033 1124 1098 in
1147 1055 1238 1116 prae·

94 1144 219 1210 satione
247 1144 310 1210 boc
332 1164 609 1209 commemorasse.
656 1140 874 1208 Oollationem
897 1140 992 1205 huius
1017 1140 1135 1206 codicis
1159 1139 1238 1204 Loe-

96 1251 161 1316 wio
185 1272 258 1315 meo
281 1250 392 1315 debeo.

184 1356 236 1423 I‘lx
263 1356 506 1422 editionibus
536 1355 667 1421 fabulae
690 1357 751 1421 hoc
775 1357 904 1422 saeculo
928 1356 1055 1421 emissis
1080 1357 1238 1441 imprimis

93 1461 340 1529 Fleckeiseni
363 1463 539 1549 conspicua
562 1467 620 1547 est,
643 1464 762 1548 quippe
785 1464 840 1548 qui
859 1464 1036 1556 permultos
1056 1464 1145 1528 locos
1168 1463 1238 1527 feli·

94 1571 230 1636 cissima
252 1592 349 1654 opera
373 1593 449 1636 usus
472 1572 670 1636 tractaverit.
716 1570 847 1646 Quanta
871 1572 938 1637 siut
960 1571 1028 1636 eius
1052 1570 1177 1654 merita,
1200 1593 1239 1634 ex

92 1679 170 1763 ipsa
197 1678 404 1743 adnotatione
430 1678 525 1743 facile
554 1680 756 1763 perspicitur.
803 1678 1073 1743 Fleckeisenianis
1096 1679 1238 1743 inventis

94 1784 125 1849 si
152 1783 316 1849 addideris
348 1806 431 1869 quae
460 1788 537 1869 post
566 1786 758 1851 resuscitata
788 1809 808 1850 a
835 1784 1054 1849 Ritsebelio
1087 1784 1239 1849 Plautina

93 1891 205 1957 studia
224 1891 266 1956 ab
281 1892 355 1956 aliis
374 1892 452 1956 viris
473 1892 577 1957 doctis
592 1894 760 1977 proposita
774 1897 860 1975 sunt,
875 1915 931 1959 cur
944 1892 1015 1956 fieri
1029 1892 1081 1957 vix
1096 1893 1240 1976 potuerit

93 1998 174 2083 quin
198 2020 272 2064 mea
294 1998 396 2082 ipsius
420 2020 519 2084 opera
542 2000 621 2064 satis
646 2000 762 2084 exigua
786 1999 945 2083 evaderet,
968 2000 1038 2085 ipse
1060 1999 1238 2084 intelleges.

183 2103 288 2171 Venio
316 2106 382 2170 iam
409 2106 450 2170 ad
478 2107 748 2173 condicionem
775 2106 906 2172 fabulae
934 2130 972 2171 ac
1000 2111 1145 2171 sortem
1175 2130 1239 2190 qua

92 2214 279 2296 temporum
298 2213 432 2279 decursu
450 2236 509 2280 usa
528 2215 581 2279 sit
613 2214 661 2280 Ac
685 2215 826 2298 primurn
845 2214 973 2298 quidem
993 2236 1142 2279 versuum
1161 2237 1238 2297 pau·

94 2319 227 2383 citatem
250 2320 442 2386 mirabimur
464 2344 546 2406 quae
570 2345 645 2387 mon
670 2323 776 2387 minus
800 2345 897 2406 quam
921 2321 954 2386 in
977 2321 1093 2385 ceteris
1118 2320 1238 2386 fabulis

93 2425 257 2491 consimili
285 2426 445 2492 brevitate
473 2429 655 2513 insignibus
684 2427 902 2513 suspicionem
933 2432 1040 2492 movet
1072 2430 1128 2492 aut
1162 2450 1238 2493 casu

96 2536 265 2597 buncatas
285 2554 356 2597 esse
376 2535 531 2617 quasdam
551 2539 659 2618 partes
679 2539 736 2599 aut
755 2535 890 2599 consilio
909 2535 1102 2600 decurtatus.
1125 2533 1238 2619 Neque

95 2638 184 2723 fugit
211 2639 274 2705 hoc
302 2641 389 2706 viros
417 2641 543 2707 doctos:
577 2642 667 2706 velut
699 2641 845 2706 Parcus
878 2641 911 2705 in
939 2645 1097 2724 apparatu
1126 2642 1238 2706 critico

94 2746 142 2811 ed.
164 2745 198 2812 ΙΙ
221 2752 298 2811 ante
322 2751 430 2814 actum
454 2749 588 2815 tertium
610 2749 690 2814 haec
715 2750 838 2833 posuit:
862 2749 1010 2814 ‘censent
1032 2750 1179 2815 nonnulli
1204 2750 1237 2813 in

94 2851 157 2918 boc
179 2857 255 2919 actu
278 2854 408 2938 plures
432 2877 569 2920 scenas
593 2856 776 2920 desiderari.
809 2856 871 2919 Sed
894 2877 1069 2921 consensus
1093 2857 1238 2921 omnium

95 2956 172 3025 blas.
200 2959 409 3043 refragatur'.
455 2961 544 3025 Dicit
570 2961 603 3024 ni
632 2961 727 3026 fallor
754 2960 989 3026 Gulielmum
1017 2961 1238 3048 (lautorum,

96 3067 152 3151 qui
173 3065 257 3131 Nor.
280 3066 365 3131 Lect.
390 3067 445 3131 lib.
469 3066 516 3132 IV
540 3090 610 3152 cap.
636 3069 676 3132 10
700 3068 780 3133 haec
803 3068 914 3134 babet:
943 3069 1065 3153 ‘Atque
1088 3069 1238 3136 existimo

97 3172 254 3256 primum,
278 3171 503 3239 Curculionem
526 3175 706 3259 parasitum
729 3175 844 3240 habitu
868 3177 998 3240 nautico
1023 3199 1079 3242 seu
1103 3178 1238 3262 marino,
1319 3241 1320 3245 ,

96 3279 354 3363 quandoquidem
386 3302 403 3343 e
431 3279 528 3346 Caria
558 3305 616 3367 per
649 3304 735 3346 mare
763 3282 962 3365 Epidaurum
994 3285 1165 3369 appulerat
1198 3285 1237 3349 ad

98 3385 260 3469 Lyconem
293 3387 485 3470 trapezitam
517 3372 657 3472 ienisse,
689 3393 726 3454 ut
758 3393 850 3473 patet
883 3412 920 3453 ex
949 3391 1055 3454 verbis
1085 3389 1236 3476 Choragi,

99 3492 302 3571 Omarrrem,
325 3514 402 3575 quac
426 3495 536 3573 locum,
559 3501 658 3561 erectae
681 3502 716 3560 ut
732 3499 850 3580 possim
873 3499 1015 3580 recepere:
1053 3521 1089 3563 ac
1112 3503 1238 3583 pateret

96 3600 194 3665 etiam
212 3599 328 3683 magis,
351 3599 424 3683 nisi,
448 3601 533 3685 quod
553 3622 614 3686 ego
633 3625 759 3687 semper
778 3605 959 3688 suspicatus
979 3626 1061 3687 sum,
1085 3604 1238 3687 aliquot

96 3707 130 3770 in
153 3707 214 3773 hac
237 3706 405 3772 comoedia
428 3730 564 3773 scenae
589 3710 859 3794 desiderarentur,
888 3717 975 3775 actu
1003 3711 1122 3775 tertio
1147 3733 1237 3794 prae-

96 3815 223 3896 sertim,
255 3813 310 3897 qui
339 3835 435 3878 unam
463 3815 619 3880 duntaxat
646 3815 766 3881 habet?
813 3816 1016 3901 Quamquam
1045 3817 1124 3881 haee
1152 3817 1237 3883 ratio

94 3920 176 3985 nihil
201 3920 301 4003 valet,
329 3943 401 3986 cum
425 3926 555 3987 actuum
578 3923 841 3990 distributionem
865 3947 935 3988 eam
959 3948 1041 4009 quae
1065 3927 1099 3988 iu
1123 3925 1237 3989 editio·

95 4026 191 4092 nibus
218 4031 325 4093 exstat
353 4052 391 4093 ex
419 4030 612 4113 antiquitate
635 4054 700 4095 uon
725 4054 795 4094 esse
818 4031 1025 4114 repetendam
1050 4031 1129 4095 satis
1152 4055 1238 4097 nuno

95 4131 265 4240 constet.¹)
310 4133 382 4199 Hoc
410 4135 539 4199 demum
569 4138 697 4202 saeculo
721 4137 993 4201 Fleckeisenus
1023 4141 1098 4221 post
1120 4161 1148 4203 v.
1172 4140 1236 4203 273

119 4234 134 4240 ..
137 4230 308 4239 *κ’-ν·

188 4258 213 4324 1)
232 4256 333 4309 Actum
351 4254 897 4323 tertiumconstareexscaenislll1,
924 4257 960 4309 lV
982 4265 1008 4324 1,
1038 4258 1076 4310 lV
1095 4265 1110 4311 2
1131 4259 1238 4313 monuit

93 4327 160 4451 post
178 4326 332 4407 (iustarum
352 4326 476 4409 Schmita
486 4326 546 4408 ⁵(De
560 4331 620 4409 act.
638 4327 723 4424 ianl.
739 4327 793 4383 lab.
809 4328 937 4410 descript.
953 4346 979 4396 p.
993 4336 1025 4381 18
1036 4332 1088 4396 sq.)
1108 4329 1233 4384 Andreas

96 4466 119 4522 P
151 4396 224 4523 ἓξὲξ,
240 4397 400 4524 mnliqbpllleql
413 4400 645 4539 qqpnrprqcnpptur
686 4399 737 4453 Die
756 4399 989 4469 Alterntherlung
1012 4400 1061 4454 der
1079 4399 1159 4457 Kom.
1186 4401 1235 4457 des
