2956 5678
585 1204 803 1281 AOTVS
831 1208 875 1284 V

438 1515 670 1573 LAMPADIO.
706 1516 1025 1575 PHANOS'I'BATA

651 1663 812 1720 Lanuamo

161 1772 293 1839 Nullam
318 1795 379 1860 ego
404 1796 454 1838 me
478 1773 599 1839 uidisse
623 1774 717 1839 credo
740 1774 847 1861 magis
870 1797 968 1840 anum
992 1775 1236 1842 excrucidbilem

162 1879 264 1957 Quam
279 1879 373 1944 illaec
388 1884 451 1944 est:
469 1901 551 1964 quae
566 1879 685 1945 dudum
699 1879 821 1946 fassust
839 1879 930 1960 mihi,
947 1904 1072 1966 quaene
1091 1883 1213 1949 infitias
1226 1888 1283 1949 eat‘

162 1986 224 2053 sed
248 2009 355 2053 eccam
379 2008 466 2051 eram
489 1985 591 2051 uided.
626 1987 680 2051 sed
700 1986 775 2072 quid
798 1987 860 2052 hoc
880 1991 944 2072 eet,
963 1987 1041 2054 haec
1068 1991 1154 2075 quod
1178 1991 1283 2057 cistellr

268 2168 273 2178 ⁸
1047 2093 1101 2163 hic
1124 2098 1208 2164 iacet
1248 2112 1281 2164 66.

163 2200 244 2269 Cum
268 2199 475 2287 crepundiis?
498 2222 557 2266 nec
580 2222 771 2284 quemquam
796 2201 966 2286 ednepicor
990 2203 1089 2267 alium
1114 2201 1231 2270 inuia

161 2308 393 2375 Faciundumet
416 2307 541 2394 puerile
565 2306 722 2373 officium:
746 2309 988 2393 cdnquiniscam
1013 2309 1053 2374 ad
1077 2307 1234 2378 cistulam.

618 2500 844 2557 Pnnuoeraann

163 2610 248 2689 Quid
272 2613 357 2697 agie,
378 2610 580 2697 Lampadio?

162 2757 373 2764 ...-—-—---—-

253 2847 304 2896 666
314 2859 352 2912 aq.
378 2841 446 2896 Vide
464 2841 580 2912 append.
601 2840 661 2896 cm't.
753 2846 812 2897 657.
832 2840 943 2897 Noniae
957 2859 986 2911 p.
1003 2847 1098 2910 84,15
1113 2844 1171 2898 M„-
1189 2843 1283 2912 conqui

164 2922 270 2977 niacere
289 2925 318 2976 et
342 2920 576 2995 o<a>quiniecere
593 2919 722 2975 inclinari
742 2920 890 2990 significat.
926 2922 1042 2977 Plautus
1061 2923 1219 2978 Cistellaria
1237 2923 1283 2978 ‘la

164 3003 320 3057 ciundum
339 3001 670 3059 eat....eietulam’.·
688 3003 722 3069 cf.
742 3002 888 3058 Reblim'ua
903 3019 931 3072 p.
949 3007 993 3069 33,
1014 3002 1115 3059 Caeam
1130 3022 1158 3074 p.
1176 3007 1219 3060 38.

234 3251 425 3308 nervam
442 3249 695 3307 LAMPADISGVS
715 3250 854 3305 snavvs
874 3250 1144 3308 pernoscatur
1163 3253 1283 3310 uvam:

164 3334 192 3388 a
203 3331 260 3386 vn
279 3333 321 3400 (a
335 3330 362 3385 Β
381 3335 398 3386 3
413 3332 475 3397 aaa,
494 3328 558 3385 saa
577 3337 608 3384 a
626 3332 690 3398 aa,
705 3338 769 3400 poc
788 3332 927 3387 saavvs
944 3336 993 3403 a.)
1011 3335 1134 3404 tanam,
1151 3337 1198 3391 ua
1215 3335 1283 3390 nan

163 3403 271 3486 PADId
289 3430 316 3484 J.
354 3427 545 3499 Lampadiaus.
582 3428 765 3485 Phanostrata
788 3428 889 3484 mulier
908 3431 944 3486 F.
983 3432 1088 3487 Seruus
1101 3433 1278 3504 Lampadiscu

163 3509 348 3566 Phanostrata
365 3510 467 3563 mulier
484 3508 511 3562 Z
589 3516 649 3565 663.
670 3507 736 3564 Lim
750 3527 854 3580 precra.
874 3510 985 3566 B’VE
1059 3510 1146 3567 ullam
1165 3529 1188 3569 c.
1205 3531 1245 3583 ap.
1262 3516 1283 3568 ir

171 3592 230 3646 ΥΕ
301 3589 531 3645 excruciabilem
550 3590 586 3647 B.
606 3589 815 3644 excruciabilem
837 3591 862 3643 V
932 3595 991 3647 664.
1011 3590 1062 3647 illa
1080 3593 1132 3665 hee
1153 3594 1238 3649 VEJ

164 3687 217 3740 que
237 3671 303 3726 ΕΕ
372 3668 456 3725 fallas
472 3668 512 3724 est
529 3670 593 3725 ΒΕ
608 3676 672 3726 ante
689 3687 744 3726 raa.
765 3671 796 3726 V.
816 3669 884 3725 falla
903 3671 944 3725 alt
960 3672 1024 3725 ΒΕ
1039 3689 1073 3727 aa
1090 3688 1146 3728 raa.
1165 3672 1247 3728 JFZ

165 3769 235 3819 quae
255 3754 318 3819 (que
338 3750 382 3819 E)
399 3765 435 3804 ne
453 3750 582 3806 BVEJ.
611 3767 717 3820 quaeue
736 3751 767 3805 Z.
796 3768 849 3820 que
868 3753 903 3805 ffc
923 3750 954 3806 F
1033 3752 1156 3808 infitias
1171 3754 1283 3810 eatBl

165 3829 293 3883 inficias
307 3834 355 3885 eat
372 3829 426 3900 (inf
442 3847 476 3885 ex
494 3831 547 3899 uti)
566 3831 602 3885 Ε.
630 3831 739 3886 inficias
755 3835 801 3886 eat
819 3832 842 3886 J
848 3832 905 3886 ΕΖ
923 3832 961 3903 (*)
1051 3841 1110 3889 666.
1131 3833 1251 3890 Sedeaea
1272 3835 1283 3888 l

166 3909 208 3963 S&
227 3912 346 3963 haeccam
365 3910 395 3965 E
452 3909 487 3964 s&
505 3911 536 3964 Ε
594 3911 664 3966 haec
685 3931 703 3980 q
722 3911 758 3965 Ε.
778 3929 807 3981 qr
829 3912 865 3967 F.
884 3912 958 3982 quod
979 3915 1005 3967 Z
1021 3916 1101 3983 (corr.
1122 3914 1283 3972 camaria

238 3994 299 4044 656.
318 3990 476 4060 crepandus
487 3989 545 4044 Va*
597 4008 679 4060 quem
694 4008 777 4058 quam
792 3992 972 4066 conspisslcor
985 3994 1013 4048 B
1028 3995 1064 4064 (ic
1078 4012 1112 4050 ea
1126 3993 1175 4063 ici)
1228 3995 1283 4051 iuni

166 4069 291 4125 BVEJ
377 4076 436 4125 667.
456 4070 625 4125 Patiundum
644 4071 702 4125 ΥΕ
789 4072 829 4127 est
847 4075 913 4129 libri
996 4075 1104 4146 puerile
1124 4074 1283 4134 officiamd

165 4169 226 4206 cam
245 4167 300 4206 rae.
326 4154 370 4219 (ea
389 4168 456 4221 puer·
474 4150 651 4220 illofficium).
680 4169 748 4222 puer
766 4147 917 4208 illoffitium
940 4155 1006 4210 VE.
1034 4172 1104 4226 puer
1120 4153 1167 4210 illi
1183 4155 1283 4214 efficiar

166 4233 201 4286 J:
216 4249 284 4287 corr.
302 4231 360 4287 ΕΖ
376 4248 437 4286 eum
450 4233 544 4289 Norae
621 4233 906 4301 qu0n1q21neisciam
921 4234 1023 4293 BVE.
1043 4241 1106 4304 caq·
1124 4234 1183 4290 mei
1222 4237 1283 4294 reia

165 4313 198 4367 J:
216 4328 284 4366 carr.
306 4311 367 4365 ΕΖ
384 4329 444 4367 cura
463 4313 557 4370 Nonio
628 4316 646 4381 ·)
665 4314 696 4367 in
714 4331 799 4385 ritarp.
818 4315 867 4382 Bl,
886 4316 988 4371 ataid.
1062 4314 1227 4372 adaistulam
1250 4318 1283 4376 V.

166 4393 200 4446 ad
222 4391 354 4446 cistellam
376 4393 401 4445 Z
419 4392 452 4461 (’)
525 4398 584 4451 658,
605 4392 686 4461 Quid,
704 4394 714 4447 i
733 4413 766 4450 cce
785 4412 801 4450 0
819 4396 855 4450 B.
877 4394 932 4462 Qid
957 4395 982 4448 V
