2956 5678
667 111 801 168 PLAVTI

321 279 374 344 lta
397 278 442 343 mi
464 279 574 344 dmniu
598 282 674 343 sunt
697 277 835 362 ingenia.

253 385 346 462 Quod
369 386 472 468 lubet,
495 407 559 451 nou
583 385 673 450 lubet
696 386 760 449 iam
785 386 818 450 id
840 385 1005 450 96911999.

252 493 305 559 Its
329 515 378 557 me
402 475 505 557 timor
527 493 649 556 lassum
674 493 773 556 animi
796 492 956 575 ludificat,

253 599 371 686 sugat,
396 601 478 685 ugit,
502 600 640 685 appetit,
663 602 787 683 reptdt,
809 600 941 673 retinet,

324 705 453 791 Luetst,
475 708 622 792 largitur.

254 814 346 893 Quod
369 813 425 878 dut
447 836 513 878 uon
536 813 605 897 dut,
628 812 758 878 deludit

255 923 353 988 Modo
377 921 462 1006 qudd
487 921 591 986 suasit
614 921 792 985 dissuddet:

257 1029 351 1106 Quod
375 1026 541 1110 dissuasit,
565 1027 598 1092 id
621 1029 775 1093 ostentat.

256 1136 440 1204 Meritdmis
464 1134 609 1200 moribus
632 1157 755 1200 meeum
781 1136 956 1220 expetitur:

260 1244 312 1309 lta
335 1246 442 1308 meum
466 1242 589 1328 frangit
613 1247 776 1307 umentem
801 1243 954 1325 inimum,

260 1351 380 1436 Neque,
404 1347 467 1414 nisi
492 1351 568 1434 quia
590 1350 688 1414 miser
711 1371 777 1415 nou
800 1352 837 1414 e6
857 1372 995 1434 pessum,

259 1457 342 1523 Mihi
365 1456 433 1520 ullu
456 1456 549 1521 subest
571 1456 698 1540 perdito
722 1453 899 1539 permities.

259 1565 311 1631 Itu
333 1565 425 1648 pdter
448 1563 534 1649 apud
557 1563 669 1628 uillam
694 1563 832 1628 detinuit

260 1672 312 1738 Me
335 1672 397 1736 hos
420 1670 489 1735 diss
513 1692 569 1735 sex
592 1671 659 1734 ruri
683 1671 867 1750 cdntiuuos,

263 1777 376 1864 Neque
399 1774 524 1841 licitum
548 1776 702 1842 intereust
726 1779 831 1842 meam
855 1779 991 1844 amicum

387 1882 499 1948 Visere
543 1906 562 1945 9
606 1906 642 1948 *2

262 1992 366 2059 Estne
389 1991 451 2057 huc
475 1991 627 2057 miserum
651 1991 856 2056 memorstu?

180 2157 385 2167 -..—---—-<

172 2334 226 2389 hab
263 2253 424 2307 213-229.
461 2209 669 2303 121991199νῶ
697 2265 730 2303 eu
753 2254 835 2320 purte
862 2267 923 2306 eum
950 2252 1015 2306 asise
1040 2253 1108 2307 91999
1134 2252 1176 2318 Β,
1205 2252 1255 2320 qui
1281 2251 1331 2306 esc

227 2339 265 2389 es:

210 2448 256 2502 Itu
273 2444 343 2500 mihi
364 2444 457 2500 omnia
475 2445 588 2514 ingenia
606 2444 668 2500 suut
687 2446 768 2512 Quod
786 2446 865 2500 lubet
884 2447 1018 2502 uonlubet
1036 2449 1092 2501 iem
1111 2446 1140 2501 id
1165 2448 1300 2502 continuo

212 2529 256 2582 ltu
276 2543 321 2581 me
339 2542 418 2579 umor
435 2524 535 2578 lassum
553 2525 640 2579 animi
659 2526 793 2582 ludificat.
830 2526 923 2596 Fugut
940 2528 1008 2596 Agit
1025 2527 1145 2597 Appetit

211 2608 318 2678 Ruptut
335 2605 438 2659 retinet
455 2604 546 2660 luctet
563 2606 681 2675 Legitur
698 2608 772 2675 quod
791 2609 841 2662 dut
858 2625 914 2663 non
934 2609 984 2662 dat
1002 2607 1110 2663 deludit

212 2688 297 2744 Modo
315 2685 392 2755 quod
408 2684 493 2740 suasu
511 2684 637 2741 dissuasit
656 2686 843 2752 Quodissuusit
861 2688 891 2742 id
910 2688 1033 2743 ostentet

213 2801 373 2858 Meritumis
387 2800 512 2858 moribus
525 2818 635 2859 meeum
654 2802 795 2872 expetitur
813 2804 856 2859 ltu
875 2821 967 2860 meum
986 2805 1092 2876 frangit
1110 2784 1253 2877 umdntem

214 2885 346 2940 Animum
365 2900 454 2954 neque
472 2883 526 2938 uiui
545 2882 613 2952 quis
630 2883 711 2938 miser
729 2900 786 2938 uon
805 2902 838 2939 eo
856 2884 962 2954 pessum
981 2886 1051 2941 mihi
1070 2887 1129 2941 ullu
1147 2888 1228 2943 abest

214 2965 327 3021 Perdite
346 2963 485 3034 pernicies
498 2962 540 3018 itu
558 2969 640 3034 puter
657 2966 733 3034 apud
751 2965 850 3020 nillum
869 2965 990 3020 detinuit
1007 2985 1051 3021 me
1070 2967 1123 3022 hos
1137 2966 1201 3023 dies
1216 2968 1261 3024 sex

215 3043 284 3101 Ruri
303 3043 452 3102 continuos
465 3060 556 3113 neque
575 3044 685 3099 licitum
704 3045 811 3101 interea
829 3045 871 3099 est
889 3062 979 3100 meum
999 3046 1118 3101 amicum
1138 3047 1227 3121 uisere

215 3127 316 3181 Estne
335 3126 388 3180 hoc
406 3123 535 3178 miserum
554 3127 727 3179 memoratu?
746 3124 907 3181 MELENIS
927 3126 968 3180 Eo
987 3125 1097 3181 facetus
1111 3128 1179 3196 quia
1198 3127 1252 3183 tibi

179 3248 294 3314 itemque
312 3243 412 3313 reliqui
429 3243 551 3330 (praeter
569 3245 676 3299 listerus
693 3244 882 3311 muiuueulas),
896 3243 952 3296 uisi
970 3244 1043 3311 quod
1062 3261 1085 3300 e.
1100 3248 1153 3297 214
1171 3244 1252 3299 iubet
1269 3259 1323 3298 nou

180 3327 258 3380 iubet
281 3323 340 3378 VE
409 3322 692 3391 19991999991919)
712 3323 874 3378 idcontinuo
894 3322 924 3376 Ε
993 3341 1017 3376 u.
1032 3328 1083 3376 215
1104 3342 1148 3378 me
1166 3341 1218 3379 um.
1236 3325 1261 3380 J

180 3404 288 3475 lapsum
307 3403 402 3458 ΕΓΖ
471 3403 611 3458 unimfiF
680 3404 815 3471 ludificet,
835 3424 852 3457 u
871 3421 904 3457 eu
922 3402 983 3457 aE
1052 3421 1076 3456 v.
1091 3408 1143 3458 217
1163 3403 1253 3460 iactat
1271 3405 1323 3458 199-

183 3486 258 3554 gitur
272 3483 424 3539 VEJFZ
492 3501 518 3539 u.
532 3490 583 3539 219
604 3485 740 3539 dissuadet
753 3483 830 3553 quod
849 3502 897 3538 οηι.
913 3484 937 3538 J
1003 3501 1029 3540 v.
1039 3488 1091 3537 220
1110 3486 1184 3552 quod
1205 3485 1329 3540 dissuasit

190 3565 320 3621 VEFZ.
339 3564 465 3619 dissuasit
482 3565 506 3620 J
573 3565 701 3620 ostendet
719 3565 774 3618 131:
792 3581 860 3619 corr.
881 3564 936 3629 13²,
955 3569 985 3617 us
1004 3564 1058 3618 uid.
1131 3580 1156 3619 u.
1171 3569 1221 3617 221
1243 3580 1326 3634 expe·

184 3646 255 3698 ritur
274 3645 318 3698 E⁸
336 3648 368 3699 iu
386 3662 472 3716 marp.
492 3645 522 3698 F
595 3663 619 3702 u.
635 3651 685 3699 222
707 3644 836 3713 stagitV
906 3646 1047 3699 amantem
1065 3643 1267 3697 B²VEJFZ

183 3743 208 3781 u.
223 3729 275 3778 223
295 3724 374 3778 miser
392 3744 427 3780 ne
446 3726 589 3795 oppeffum
614 3726 712 3780 VE¹J
726 3724 881 3793 (oppesum)
896 3724 932 3779 F.
950 3742 984 3777 ne
1005 3741 1036 3777 9ο
1056 3722 1162 3792 pessum
1180 3724 1260 3777 ΕΒΖ

185 3824 209 3860 u.
225 3810 278 3858 224
297 3803 355 3858 ullu
373 3804 444 3859 mihi
463 3806 494 3861 F
585 3806 729 3877 permities
743 3805 783 3859 Βι
802 3807 882 3871 (eurr.
902 3805 954 3872 Bu)
974 3803 1037 3856 VE.
1058 3803 1243 3872 permieiesJ

186 3921 385 3990 v.‘225u1'›tJ
452 3924 619 3978 metult*
689 3940 712 3977 u.
728 3928 779 3976 227
800 3921 840 3974 est
858 3918 1012 3973 intereuF
1072 3937 1095 3973 v.
1111 3923 1164 3974 228
1183 3902 1275 3990 911899
1297 3938 1333 3977 ex

186 4001 260 4057 uisur
278 4001 314 4057 E.
334 4000 435 4067 insere,
452 4003 534 4070 prius
552 4017 567 4056 e
586 4020 599 4057 e
617 4019 686 4057 corr.
711 4002 735 4055 V
817 4019 841 4056 9.
857 4000 908 4054 229
928 3999 1011 4054 Estne
1031 4000 1103 4054 EZ:
1122 4001 1156 4066 cs.
1176 4002 1331 4060 9919.492

261 4082 291 4138 V.
306 4086 358 4134 213
377 4082 442 4134 sunt
459 4078 572 4148 ingenia
589 4085 653 4137 trus.
674 4083 833 4151 Spenpclius
856 4100 916 4135 cum
935 4081 1109 4146 HertuaunO,
1129 4097 1152 4135 v.
1168 4087 1220 4135 217
1239 4081 1335 4138 laetat

188 4181 256 4219 corr.
272 4163 425 4230 Scioppius,
443 4179 466 4215 v.
481 4168 532 4217 219
552 4162 694 4218 dissuadet
713 4181 781 4218 corr.
798 4163 925 4233 Pylades,
943 4180 967 4216 u.
984 4169 1034 4216 228
1055 4162 1185 4217 lacunam
1202 4163 1276 4232 siun.
1291 4162 1336 4232 S,

187 4247 258 4301 uelut
279 4244 373 4298 Visere
394 4240 537 4316 (misero)
554 4245 589 4314 (²¹²)
