2956 5678
161 318 226 381 too
637 312 825 370 asponon(
1171 321 1313 388 ors-sss

161 480 257 551 podis,
270 480 281 549 ]
295 477 387 533 Molas
406 477 509 546 mbgna
527 475 664 531 lbssibbdo
688 475 775 530 famis
794 477 902 544 (deinde
920 475 1064 547 Frigus..
1082 519 1087 532 .
1104 476 1184 533 mals
1202 477 1313 545 malam,

163 561 258 615 Motuo
273 599 280 613 .
297 601 303 614 .
319 600 324 612 .
341 561 426 627 qubm
445 558 564 626 malum,
588 554 661 609 Niam
680 555 771 625 magis
786 597 792 610 .
809 599 815 612 .
832 598 837 611 .
853 555 972 612 uerbera
991 557 1038 612 odi
1057 575 1111 628 ogo
1140 559 1211 629 [sie,
1237 564 1312 613 antea

164 639 265 694 facilus
285 638 431 693 admittens
447 638 497 692 aet.
517 652 585 693 eorr.
604 635 715 707 facile],
738 636 888 705 Nimisque
905 681 911 693 .
928 679 934 691 .
950 680 956 693 .
971 638 1126 708 prothibeo
1147 639 1311 708 mareiam·

164 722 257 790 dens):
281 718 361 773 ouius
378 718 500 787 vestiatis
518 717 646 771 insistens
668 717 804 771 doebrmm
823 733 884 771 oum
902 719 1002 773 iambis
1019 720 1121 774 mistas
1140 720 1241 774 statuit
1260 719 1310 774 Leo

166 801 242 854 Mus.
269 798 356 853 Rben.
387 795 443 850 XL
462 813 492 865 p.
518 797 570 849 171
598 795 768 865 improbatus
796 796 928 867 Seyfferto
958 797 1141 854 ‘Janraoen’
1168 817 1194 854 a.
1215 799 1309 867 1883ίό

159 898 190 951 p.
206 884 242 935 37
257 879 320 933 adu.
360 876 414 931 Vbi
423 875 559 945 Berykius
569 891 599 944 p.
620 879 690 929 165.-
710 875 882 930 Reoordstur
896 877 978 932 cordo
996 877 1035 946 id,
1054 879 1104 948 qui
1125 877 1208 933 nihili
1220 883 1232 950 ]
1246 880 1309 934 sont

165 959 231 1029 quid
251 957 286 1012 iis
306 956 381 1028 preci
406 957 488 1011 ditur
507 956 542 1010 ab
562 958 619 1009 sats
638 955 731 1010 herois
745 957 755 1025 ]
769 955 901 1025 verbera,
920 953 1081 1027 compedis,
1100 958 1195 1015 molus
1213 961 1306 1028 magna

164 1037 306 1106 lassitudo,
324 1034 661 1107 thmis,frigusd1'1rum.
677 1039 685 1106 ]
700 1035 811 1103 Ignauia
821 1036 956 1104 improbis
968 1038 1048 1106 uiris,
1055 1036 1194 1092 Obristius
1203 1038 1303 1093 ‘Metn’

162 1139 192 1191 p.
211 1124 270 1175 422
290 1122 333 1187 (ea
347 1122 429 1187 parte
448 1132 509 1171 enm
527 1117 656 1186 Brixio):
675 1117 845 1170 Recordatur
864 1117 906 1170 id:
921 1119 930 1186 ]
944 1117 998 1182 Qui
1017 1116 1101 1171 nihili
1121 1122 1188 1173 sunt
1204 1117 1267 1187 quid
1283 1119 1302 1170 ts

164 1198 239 1270 preti
253 1200 263 1268 [
276 1195 364 1252 Dotur
382 1196 418 1250 ab
438 1199 494 1250 suis
514 1195 577 1264 sris¹
592 1199 602 1266 ]
617 1194 730 1265 Ignauis
745 1197 880 1266 improbis
900 1197 975 1266 uiris,
989 1201 999 1268 ]
1013 1196 1172 1269 compedes
1191 1199 1300 1264 uirbera,

164 1282 174 1351 tf
192 1278 285 1334 Molas
305 1275 456 1344 lassibltdo,
482 1276 571 1330 famis
590 1276 679 1346 frigus
698 1276 813 1344 dorum,
836 1276 998 1349 Spenaetins
1011 1295 1042 1348 p.
1062 1283 1168 1350 253sq.
1188 1280 1231 1346 (os.
1247 1284 1300 1345 195,

165 1365 238 1426 209,
257 1361 330 1423 213,
349 1360 405 1412 254
424 1357 508 1426 adn,
526 1358 609 1426 289).·
638 1356 727 1412 Cordo
746 1356 908 1411 ricorditur
925 1355 970 1425 id,
997 1357 1045 1425 qui
1064 1356 1147 1413 nihili
1166 1358 1298 1426 suntquis

166 1442 205 1493 sis
224 1437 320 1508 pretitt
351 1434 439 1491 Detur
458 1437 494 1490 ab
513 1436 571 1490 sais
591 1436 660 1504 iris,
679 1436 789 1507 ignauis
809 1435 943 1504 improbis
963 1435 1032 1490 uiris
1052 1437 1185 1506 uerbera,
1198 1439 1208 1507 Ι
1220 1437 1296 1492 Molas

166 1518 303 1573 lassits‘tdo
331 1516 419 1571 samos
441 1515 533 1587 frigus
553 1517 660 1571 darum.
708 1516 798 1571 Verba
817 1515 930 1585 Ignauis
957 1515 1094 1586 improbis
1121 1517 1188 1572 uiris
1212 1516 1294 1589 [seruis

167 1597 334 1669 Lambinus]
353 1615 371 1652 a
391 1600 420 1653 ss
448 1598 536 1653 deleta
565 1597 745 1666 (interpretes
773 1611 827 1650 esse
854 1599 954 1651 certum
977 1596 1041 1666 est’)
1066 1614 1085 1652 a
1108 1598 1221 1670 Berabio
1242 1597 1292 1652 otia

168 1679 283 1733 traiecta
300 1692 350 1732 suo
369 1678 426 1733 toeo
444 1677 566 1744 defendit
581 1683 644 1746 post
662 1676 882 1732 Studemundum
901 1676 1017 1731 decant
1038 1694 1068 1746 p.
1087 1682 1121 1731 41
1141 1684 1166 1733 et
1181 1678 1290 1732 Brixiae

166 1758 316 1827 Lanqenns
333 1756 412 1811 Stud.
430 1756 475 1812 ΡΙ.
489 1775 519 1826 p.
538 1761 582 1812 47.
619 1756 676 1812 Pro
694 1772 799 1826 magua
817 1774 835 1811 a
850 1754 889 1823 Vt,
908 1755 1062 1826 Spenaetto,
1080 1757 1147 1812 attis
1159 1758 1234 1813 deleto
1244 1771 1289 1809 mr·

166 1839 211 1893 oia
224 1837 427 1893 commendabat
439 1836 632 1906 Kiessttnotus.
663 1837 756 1891 Plura
770 1840 794 1890 et
808 1837 876 1890 delet
891 1840 916 1889 er
929 1836 1058 1890 immutat
1072 1836 1209 1892 Winterus
1216 1854 1241 1906 p.
1253 1839 1285 1890 u.

257 1922 316 1971 971.
338 1916 411 1970 ‘Vis
430 1917 582 1972 Plautinus
604 1917 645 1971 oet
667 1917 715 1970 boe
739 1922 808 1971 certe
831 1917 887 1970 toro
910 1931 967 1971 non
986 1917 1149 1973 Plautinas'
1170 1916 1207 1972 B:
1222 1916 1284 1982 atat.

174 1997 317 2066 Vssinaius
327 1995 511 2068 etLanaenus
521 1998 538 2052 t.
548 2013 569 2053 s.
579 2014 599 2051 s.
630 1996 777 2052 Senarium
789 1997 949 2066 Spenaelius
965 1997 1045 2052 babet
1055 2015 1086 2068 p.
1096 2003 1150 2054 199
1159 1995 1285 2064 aarum&

169 2093 221 2146 quo
239 2093 300 2132 oum
318 2077 438 2146 Beratrio
456 2093 486 2132 eo
504 2078 592 2148 meeis
610 2076 684 2143 tacto
704 2079 746 2146 (p.
770 2082 829 2133 151.
849 2082 917 2132 165.-
937 2077 972 2144 σί.
991 2076 1191 2133 Studenundus
1202 2095 1228 2148 p.
1243 2076 1284 2141 tt),

169 2158 236 2228 quia
253 2158 294 2212 sio
317 2159 416 2227 optime
434 2174 495 2212 oum
513 2159 562 2213 boe
576 2157 724 2213 concinunt
751 2176 774 2212 u.
799 2161 854 2213 972
862 2175 900 2227 so.
940 2157 1009 2214 Post
1026 2159 1099 2214 buno
1116 2175 1211 2214 aaran
1225 2170 1281 2226 earn

113 2305 117 2309 .
169 2239 266 2294 traieci
286 2238 322 2308 [o.
341 2243 397 2292 981
418 2236 458 2308 Ἠ]
478 2238 528 2292 det.
555 2237 701 2306 Vesinyius
718 2239 852 2307 probante
866 2237 1009 2307 Spertaetio
1023 2255 1055 2307 p.
1071 2242 1126 2293 376
1143 2244 1166 2292 et
1181 2237 1282 2305 Ianoru

167 2337 197 2389 p.
215 2322 258 2372 18.
298 2319 388 2373 Initio
406 2317 467 2387 Ego
486 2317 539 2372 hoo
565 2317 721 2372 Saracenus
750 2319 842 2387 (etiam
867 2318 901 2372 de
923 2316 983 2386 Ego
1008 2317 1150 2389 extemplo
1171 2315 1283 2387 medam),

172 2399 231 2469 Ego
252 2414 285 2452 eo
304 2398 452 2463 Vabtenus,
471 2397 511 2452 Eo
531 2414 583 2466 ego
598 2397 756 2468 Sprnyetius
775 2399 811 2466 (et
828 2412 891 2452 mon
904 2415 966 2452 meo
987 2401 1078 2467 tergo,
1096 2403 1188 2468 septen.
1204 2395 1281 2461 tract.)-

169 2481 230 2549 Ego
248 2477 302 2534 hoo
322 2479 451 2548 exemplo
470 2478 561 2533 soruio
578 2479 583 2546 [
599 2479 631 2531 ut
649 2480 677 2531 tn
697 2494 755 2532 rom
779 2477 853 2547 tergi
877 2493 939 2531 esso
963 2477 1086 2533 brbitror
1106 2479 1282 2547 Kanpnannu

169 2561 202 2614 de
220 2569 255 2610 m
272 2575 369 2628 praep.
390 2576 420 2627 p.
440 2564 476 2613 39
496 2559 560 2614 adn.
587 2589 617 2596 -
649 2558 678 2612 V.
699 2563 750 2612 979
778 2559 855 2628 [918]
879 2558 968 2612 uerba
990 2575 1076 2627 quam
1099 2558 1209 2614 uerbera
1227 2553 1282 2610 nodi.

170 2640 304 2710 Pyladis,
323 2640 372 2708 oui
390 2655 442 2707 ego
458 2638 505 2692 odi
523 2639 621 2693 omisit.
660 2639 732 2692 Nam
755 2637 846 2690 molto
869 2636 963 2707 patior
982 2637 1094 2693 fsoilius
1113 2637 1196 2706 magis
1212 2631 1282 2694 uerba

170 2720 287 2775 uerbera
315 2719 362 2773 odi
390 2718 557 2789 Speeraetius.
587 2750 619 2757 -
655 2718 685 2772 V.
704 2723 756 2772 989
777 2717 854 2789 [919]
875 2719 1027 2786 praehtbeo
1052 2720 1203 2776 dubitanter
1222 2716 1282 2771 dian

172 2802 291 2855 Brisius
317 2805 341 2854 et
368 2800 436 2867 (eott.
457 2799 556 2853 Pseud.
577 2803 632 2854 182
651 2799 713 2854 item
738 2800 832 2868 dubio)
856 2800 1018 2870 Spenyetius
1042 2806 1150 2855 seroant
1167 2800 1208 2868 (et.
1224 2798 1282 2852 etna

173 2881 314 2936 Abrabam
333 2878 409 2934 Stud.
431 2880 475 2933 Pt.
494 2897 521 2949 p.
542 2882 600 2934 229
608 2880 673 2948 sq.).·
692 2897 729 2933 an
748 2880 805 2946 fuit
823 2878 952 2933 molitum
973 2881 1002 2948 (a
1021 2881 1132 2934 molitus
1150 2904 1181 2924 =
1197 2873 1285 2932 noso

172 2962 260 3027 actus)
284 2958 424 3014 exhibeo?
460 2960 503 3012 De
522 2959 683 3015 Hermanno
707 2960 767 3015 vide
789 2976 884 3028 supra.
905 2989 937 2999 —
964 2959 995 3015 V.
1016 2963 1066 3014 981
1095 2958 1168 3031 [989]
1189 2958 1248 3012 bene
1266 2958 1286 3005 et

173 3038 269 3093 sedulo
290 3038 381 3093 soruio
402 3039 531 3108 Pytades
550 3040 623 3094 unde
641 3038 732 3094 seruio
751 3042 924 3096 retinuerunt
943 3041 1026 3095 etiam
1045 3041 1105 3096 atii.

262 3125 322 3173 982.
350 3116 400 3172 alii
420 3119 486 3172 sunt
504 3118 557 3173 its:
583 3122 615 3173 ut
633 3122 670 3188 (et
689 3137 767 3176 suam
783 3139 837 3190 pro
856 3118 925 3188 sint)
949 3121 1078 3190 Pylades.
1112 3120 1159 3175 alii
1176 3120 1213 3173 ita
1228 3120 1253 3171 at
1266 3130 1286 3166 se

172 3216 231 3252 osse
251 3199 413 3254 Lambinus.
443 3197 492 3253 atii
517 3213 578 3253 soso
604 3199 645 3254 ita
663 3202 695 3254 at
714 3201 856 3258 Gruterus.
886 3199 949 3268 alii,
974 3217 1036 3256 esse
1055 3205 1088 3256 ut
1106 3202 1217 3256 Botbius
1233 3197 1288 3265 (obn

172 3277 221 3332 atii
247 3278 289 3333 ita
316 3278 373 3332 sint
397 3278 426 3332 in
453 3297 511 3333 rem
536 3280 567 3333 ab
592 3298 651 3336 esse
676 3282 799 3351 ducunt).
838 3279 888 3334 alii
911 3279 953 3334 ita
976 3282 1008 3334 ut
1032 3281 1176 3352 Vssinar'us
1199 3282 1234 3349 (ut
1248 3277 1289 3344 ipse

171 3360 236 3413 olim
257 3359 334 3431 ‘pon
356 3358 508 3414 Rundsett?
530 3379 555 3414 a.
572 3365 648 3416 1882
663 3379 693 3431 p.
715 3365 789 3428 723).
831 3359 926 3415 Totum
944 3376 1051 3415 ausum
1068 3363 1109 3416 sie
1124 3361 1292 3415 Hermanno:

171 3440 265 3508 Atque
284 3441 312 3493 td
332 3438 402 3493 mihi
421 3440 544 3509 prodest,
565 3440 614 3494 olii
634 3440 689 3495 sint
709 3441 759 3508 ita,
779 3442 838 3494 ossa
857 3442 889 3495 ub
907 3440 936 3494 in
956 3459 1012 3494 rem
1035 3442 1155 3509 dicunt,
1172 3442 1209 3496 sie
1227 3440 1292 3508 spn-

171 3521 273 3587 ¹aetius:
299 3518 357 3573 Atii
383 3523 415 3573 ut
439 3534 548 3573 essese
572 3522 601 3574 tn
626 3538 682 3575 rem
710 3522 815 3576 ducunt
841 3522 903 3574 sint.
933 3536 987 3590 ogo
1006 3520 1047 3575 ita
1070 3539 1118 3575 ero
1142 3524 1174 3575 ut
1190 3537 1231 3574 me
1248 3521 1293 3574 tm

172 3601 291 3667 oportet.
329 3600 459 3655 Monstra
485 3601 537 3667 des.
570 3601 708 3656 Vabtemrs
733 3603 764 3655 in
790 3602 851 3656 edit.
878 3606 902 3655 et
926 3601 1021 3655 Herm.
1046 3602 1148 3656 XVII
1165 3621 1194 3672 p.
1213 3603 1295 3665 oltra.

175 3680 244 3734 Moe
265 3682 317 3747 (ut)
336 3681 400 3734 mod
419 3682 491 3749 (esso
511 3682 631 3749 oportet)
651 3683 780 3736 Botbius.

261 3765 312 3814 984
322 3777 377 3829 sqq.
397 3762 503 3814 metum
528 3761 657 3815 comitem
684 3760 752 3814 mihi
778 3760 926 3816 adhibeam
946 3763 1066 3832 Pylades
1092 3763 1137 3817 ‘es
1160 3763 1232 3817 codd.
1255 3766 1300 3814 ant.

169 3840 301 3907 partim’:
324 3841 396 3909 quod
419 3847 508 3896 tamen
532 3842 569 3895 ad
592 3843 678 3896 sotum
704 3842 810 3894 metum
830 3848 938 3911 spectat.
978 3844 1083 3896 metum
1104 3846 1136 3896 ut
1154 3842 1221 3896 mihi
1238 3839 1301 3894 adhi-

172 3919 253 3972 beam
281 3919 463 3974 Cuminarius.
493 3920 521 3973 id
548 3921 586 3974 mi
612 3920 762 3974 adhibeam
790 3922 969 3977 Hermannus
992 3923 1043 3990 (sio
1064 3923 1140 3976 bunc
1164 3940 1189 3977 s.
1207 3936 1304 3977 exorsu

173 3998 220 4051 Sin
241 4000 293 4066 ogo
313 4016 359 4053 ero
374 4004 406 4054 ut
421 4007 445 4055 ot
463 4017 526 4055 moa
544 4018 606 4055 meo
622 4008 685 4069 post
701 4002 774 4055 Hero
793 4005 914 4057 inserens
924 4005 1061 4072 probante
1079 4004 1136 4072 Β]-
1154 4019 1229 4072 quem
1246 4000 1304 4072 quod

171 4080 202 4129 in
223 4080 326 4131 metum
346 4081 457 4135 delendo
476 4083 598 4150 sequitur
618 4084 661 4149 st,
684 4099 734 4137 suo
753 4085 813 4136 iure
831 4084 995 4152 improbavit
1019 4083 1161 4138 Vabtenus
1179 4100 1234 4138 non
1251 4087 1307 4136 rute

151 4159 254 4212 ‘simul
273 4160 357 4214 Ionem
374 4163 540 4229 parallelum
560 4180 593 4216 ee
614 4164 788 4219 Mostellaria
811 4169 924 4218 tutatus.
962 4164 1054 4217 Antea
1072 4162 1171 4218 vitium
1193 4163 1305 4219 omnibus

170 4241 275 4309 etaetyti
303 4242 361 4308 (qni
384 4258 440 4296 non
468 4244 542 4299 solus
566 4245 770 4312 anapaestr'eam
795 4261 950 4298 rrtnrsuram
972 4243 1069 4298 suadet
1096 4246 1146 4298 boe
1172 4247 1229 4300 toeo
1253 4245 1307 4297 mire

172 4326 289 4386 spretam
309 4323 343 4375 ab
363 4323 498 4392 amitibus)
518 4325 574 4378 alio
599 4325 665 4378 vitio
684 4326 832 4393 repellebat
855 4325 975 4379 Britains
1002 4323 1082 4377 utin
1103 4323 1233 4378 bmnibbs
1252 4325 1307 4377 locis

171 4404 216 4452 oro
238 4403 277 4453 set
298 4401 426 4457 omnibus
447 4405 477 4456 ut
502 4407 531 4458 tn
551 4405 620 4459 loeis
645 4408 691 4459 ero
711 4407 847 4461 traiciens.
888 4402 1010 4460 Oeterntm
1029 4407 1060 4460 in
1080 4405 1138 4461 toro
1156 4422 1191 4462 ex
1210 4403 1307 4460 Mostel-
