<?xml version="1.0" encoding="UTF-8"?>
<!DOCTYPE html PUBLIC "-//W3C//DTD XHTML 1.0 Transitional//EN"
    "http://www.w3.org/TR/xhtml1/DTD/xhtml1-transitional.dtd">
<html xmlns="http://www.w3.org/1999/xhtml" xml:lang="en" lang="en">
 <head>
  <title>
</title>
<meta http-equiv="Content-Type" content="text/html;charset=utf-8" />
  <meta name='ocr-system' content='tesseract 3.04.00' />
  <meta name='ocr-capabilities' content='ocr_page ocr_carea ocr_par ocr_line ocrx_word'/>
</head>
<body>
  <div class='ocr_page' id='page_1' title='image "./tmacciplauticom00schgoog_0515.png"; bbox 0 0 2940 5062; ppageno 0'>
   <div class='ocr_carea' id='block_1_1' title="bbox 235 346 907 402">
    <p class='ocr_par' dir='ltr' id='par_1_1' title="bbox 235 346 907 402">
     <span class='ocr_line' id='line_1_1' title="bbox 235 346 907 402; baseline 0 0"><span class='ocrx_word' id='word_1_1' title='bbox 235 349 299 402; x_wconf 85' lang='lat' dir='ltr'>VIII</span> <span class='ocrx_word' id='word_1_2' title='bbox 699 346 907 402; x_wconf 78' lang='lat' dir='ltr'>PRAEFATIO</span> 
     </span>
    </p>
   </div>
   <div class='ocr_carea' id='block_1_2' title="bbox 149 508 1384 2515">
    <p class='ocr_par' dir='ltr' id='par_1_2' title="bbox 149 508 1384 2515">
     <span class='ocr_line' id='line_1_2' title="bbox 236 508 1384 597; baseline -0.001 -20"><span class='ocrx_word' id='word_1_3' title='bbox 236 512 284 577; x_wconf 89' lang='lat' dir='ltr'><strong>Dc</strong></span> <span class='ocrx_word' id='word_1_4' title='bbox 308 513 425 597; x_wconf 87' lang='lat' dir='ltr'><strong>quibus</strong></span> <span class='ocrx_word' id='word_1_5' title='bbox 450 511 592 594; x_wconf 92' lang='lat' dir='ltr'><strong>reliquiis</strong></span> <span class='ocrx_word' id='word_1_6' title='bbox 616 510 682 574; x_wconf 84' lang='lat' dir='ltr'><strong>dixi</strong></span> <span class='ocrx_word' id='word_1_7' title='bbox 707 510 837 596; x_wconf 87' lang='lat' dir='ltr'><strong>Parerg.</strong></span> <span class='ocrx_word' id='word_1_8' title='bbox 861 510 946 575; x_wconf 86' lang='lat' dir='ltr'><strong>PII</strong></span> <span class='ocrx_word' id='word_1_9' title='bbox 971 534 1001 594; x_wconf 92' lang='lat' dir='ltr'><strong>p.</strong></span> <span class='ocrx_word' id='word_1_10' title='bbox 1024 508 1137 596; x_wconf 72' lang='lat' dir='ltr'>29I*).</span> <span class='ocrx_word' id='word_1_11' title='bbox 1160 549 1202 557; x_wconf 90' lang='lat'><em>-</em></span> <span class='ocrx_word' id='word_1_12' title='bbox 1227 511 1266 576; x_wconf 93' lang='lat' dir='ltr'><strong>In</strong></span> <span class='ocrx_word' id='word_1_13' title='bbox 1290 514 1384 597; x_wconf 86' lang='lat' dir='ltr'><strong>pagi-</strong></span> 
     </span>
     <span class='ocr_line' id='line_1_3' title="bbox 235 618 1384 702; baseline 0 -20"><span class='ocrx_word' id='word_1_14' title='bbox 235 641 295 683; x_wconf 88' lang='lat' dir='ltr'><strong>nae</strong></span> <span class='ocrx_word' id='word_1_15' title='bbox 322 621 387 685; x_wconf 81' lang='lat'><strong>382</strong></span> <span class='ocrx_word' id='word_1_16' title='bbox 413 641 508 682; x_wconf 84' lang='lat' dir='ltr'><strong>versu</strong></span> <span class='ocrx_word' id='word_1_17' title='bbox 536 620 553 682; x_wconf 79' lang='grc'><strong>1</strong></span> <span class='ocrx_word' id='word_1_18' title='bbox 582 618 733 701; x_wconf 86' lang='lat' dir='ltr'><strong>apparuit</strong></span> <span class='ocrx_word' id='word_1_19' title='bbox 751 627 974 702; x_wconf 83' lang='lat' dir='ltr'><strong>MENAECHM,</strong></span> <span class='ocrx_word' id='word_1_20' title='bbox 997 618 1031 681; x_wconf 93' lang='lat' dir='ltr'><strong>in</strong></span> <span class='ocrx_word' id='word_1_21' title='bbox 1057 639 1152 682; x_wconf 86' lang='lat' dir='ltr'><strong>versu</strong></span> <span class='ocrx_word' id='word_1_22' title='bbox 1180 619 1222 682; x_wconf 79' lang='lat'><strong>15</strong></span> <span class='ocrx_word' id='word_1_23' title='bbox 1247 628 1384 682; x_wconf 82' lang='lat' dir='ltr'>FELICI-</span> 
     </span>
     <span class='ocr_line' id='line_1_4' title="bbox 236 723 1382 810; baseline 0 -22"><span class='ocrx_word' id='word_1_24' title='bbox 236 735 317 790; x_wconf 77' lang='lat' dir='ltr'><strong>Tau.</strong></span> <span class='ocrx_word' id='word_1_25' title='bbox 363 725 469 808; x_wconf 87' lang='lat' dir='ltr'>Ipsius</span> <span class='ocrx_word' id='word_1_26' title='bbox 493 725 593 810; x_wconf 86' lang='lat' dir='ltr'><strong>igitur</strong></span> <span class='ocrx_word' id='word_1_27' title='bbox 616 723 744 788; x_wconf 90' lang='lat' dir='ltr'><strong>fabulae</strong></span> <span class='ocrx_word' id='word_1_28' title='bbox 767 724 897 788; x_wconf 90' lang='lat' dir='ltr'><strong>initium</strong></span> <span class='ocrx_word' id='word_1_29' title='bbox 916 725 1016 789; x_wconf 90' lang='lat' dir='ltr'><strong>fiebat</strong></span> <span class='ocrx_word' id='word_1_30' title='bbox 1039 725 1073 788; x_wconf 95' lang='lat' dir='ltr'><strong>in</strong></span> <span class='ocrx_word' id='word_1_31' title='bbox 1097 725 1287 789; x_wconf 88' lang='lat' dir='ltr'><strong>membrana</strong></span> <span class='ocrx_word' id='word_1_32' title='bbox 1310 726 1382 789; x_wconf 81' lang='lat' dir='ltr'><strong>Aa:</strong></span> 
     </span>
     <span class='ocr_line' id='line_1_5' title="bbox 234 821 1382 916; baseline 0.001 -21"><span class='ocrx_word' id='word_1_33' title='bbox 234 853 293 896; x_wconf 90' lang='lat' dir='ltr'><strong>nec</strong></span> <span class='ocrx_word' id='word_1_34' title='bbox 316 836 439 914; x_wconf 88' lang='lat' dir='ltr'><strong>tamen,</strong></span> <span class='ocrx_word' id='word_1_35' title='bbox 468 836 624 916; x_wconf 91' lang='lat' dir='ltr'><strong>quantum</strong></span> <span class='ocrx_word' id='word_1_36' title='bbox 654 832 782 915; x_wconf 83' lang='lat' dir='ltr'><strong>assequi</strong></span> <span class='ocrx_word' id='word_1_37' title='bbox 806 833 991 896; x_wconf 89' lang='lat' dir='ltr'><strong>coniectura</strong></span> <span class='ocrx_word' id='word_1_38' title='bbox 1013 831 1104 914; x_wconf 88' lang='lat' dir='ltr'><strong>licet,</strong></span> <span class='ocrx_word' id='word_1_39' title='bbox 1136 831 1170 895; x_wconf 91' lang='lat' dir='ltr'><strong>in</strong></span> <span class='ocrx_word' id='word_1_40' title='bbox 1193 821 1317 916; x_wconf 85' lang='lat' dir='ltr'><strong>pagina</strong></span> <span class='ocrx_word' id='word_1_41' title='bbox 1339 833 1382 914; x_wconf 80' lang='lat' dir='ltr'><strong>A,</strong></span> 
     </span>
     <span class='ocr_line' id='line_1_6' title="bbox 233 937 1381 1024; baseline -0.001 -23"><span class='ocrx_word' id='word_1_42' title='bbox 233 939 268 1002; x_wconf 92' lang='lat' dir='ltr'><strong>in</strong></span> <span class='ocrx_word' id='word_1_43' title='bbox 291 962 355 1024; x_wconf 89' lang='lat' dir='ltr'><strong>qua</strong></span> <span class='ocrx_word' id='word_1_44' title='bbox 373 938 474 1004; x_wconf 88' lang='lat' dir='ltr'><strong>videri</strong></span> <span class='ocrx_word' id='word_1_45' title='bbox 499 937 708 1002; x_wconf 88' lang='lat' dir='ltr'><strong>didascaliam</strong></span> <span class='ocrx_word' id='word_1_46' title='bbox 734 939 889 1021; x_wconf 81' lang='lat' dir='ltr'><strong>scriptam</strong></span> <span class='ocrx_word' id='word_1_47' title='bbox 913 937 1014 1002; x_wconf 87' lang='lat' dir='ltr'><strong>fuisse</strong></span> <span class='ocrx_word' id='word_1_48' title='bbox 1032 938 1053 1001; x_wconf 90' lang='lat' dir='ltr'><strong>l.</strong></span> <span class='ocrx_word' id='word_1_49' title='bbox 1073 960 1097 1002; x_wconf 90' lang='lat' dir='ltr'><strong>s.</strong></span> <span class='ocrx_word' id='word_1_50' title='bbox 1117 960 1141 1001; x_wconf 90' lang='grc'><strong>6.</strong></span> <span class='ocrx_word' id='word_1_51' title='bbox 1166 938 1242 1020; x_wconf 82' lang='lat' dir='ltr'><strong>dixi,</strong></span> <span class='ocrx_word' id='word_1_52' title='bbox 1266 939 1324 1002; x_wconf 88' lang='lat' dir='ltr'><strong>sed</strong></span> <span class='ocrx_word' id='word_1_53' title='bbox 1347 940 1381 1001; x_wconf 93' lang='lat' dir='ltr'><strong>in</strong></span> 
     </span>
     <span class='ocr_line' id='line_1_7' title="bbox 234 1044 1380 1129; baseline -0.002 -20"><span class='ocrx_word' id='word_1_54' title='bbox 234 1067 255 1109; x_wconf 88' lang='grc' dir='ltr'><em>α</em></span> <span class='ocrx_word' id='word_1_55' title='bbox 277 1045 415 1110; x_wconf 85' lang='lat' dir='ltr'><strong>demum.</strong></span> <span class='ocrx_word' id='word_1_56' title='bbox 461 1045 546 1109; x_wconf 89' lang='lat' dir='ltr'><strong>Nam</strong></span> <span class='ocrx_word' id='word_1_57' title='bbox 570 1067 642 1108; x_wconf 90' lang='lat' dir='ltr'><strong>cum</strong></span> <span class='ocrx_word' id='word_1_58' title='bbox 662 1045 783 1129; x_wconf 82' lang='lat' dir='ltr'><strong>pagina</strong></span> <span class='ocrx_word' id='word_1_59' title='bbox 801 1044 892 1109; x_wconf 78' lang='grc'><strong>4281)</strong></span> <span class='ocrx_word' id='word_1_60' title='bbox 915 1046 1105 1108; x_wconf 89' lang='lat' dir='ltr'><strong>terminetur</strong></span> <span class='ocrx_word' id='word_1_61' title='bbox 1129 1044 1260 1108; x_wconf 86' lang='lat' dir='ltr'><strong>fabulae</strong></span> <span class='ocrx_word' id='word_1_62' title='bbox 1284 1065 1380 1108; x_wconf 84' lang='lat' dir='ltr'><strong>versu</strong></span> 
     </span>
     <span class='ocr_line' id='line_1_8' title="bbox 234 1151 1380 1236; baseline 0 -21"><span class='ocrx_word' id='word_1_63' title='bbox 234 1151 277 1215; x_wconf 82' lang='lat'><strong>90</strong></span> <span class='ocrx_word' id='word_1_64' title='bbox 302 1151 335 1231; x_wconf 93' lang='lat' dir='ltr'><strong>[i.</strong></span> <span class='ocrx_word' id='word_1_65' title='bbox 359 1151 433 1233; x_wconf 90' lang='grc'><strong>91],</strong></span> <span class='ocrx_word' id='word_1_66' title='bbox 466 1152 506 1215; x_wconf 89' lang='lat' dir='ltr'><strong>ad</strong></span> <span class='ocrx_word' id='word_1_67' title='bbox 540 1174 594 1215; x_wconf 87' lang='lat' dir='ltr'><strong>sex</strong></span> <span class='ocrx_word' id='word_1_68' title='bbox 623 1156 730 1215; x_wconf 86' lang='lat' dir='ltr'><strong>autem</strong></span> <span class='ocrx_word' id='word_1_69' title='bbox 759 1153 950 1236; x_wconf 89' lang='lat' dir='ltr'><strong>paginarum</strong></span> <span class='ocrx_word' id='word_1_70' title='bbox 980 1151 1123 1235; x_wconf 88' lang='lat' dir='ltr'><strong>spatium</strong></span> <span class='ocrx_word' id='word_1_71' title='bbox 1151 1151 1380 1235; x_wconf 89' lang='lat' dir='ltr'><strong>complendum</strong></span> 
     </span>
     <span class='ocr_line' id='line_1_9' title="bbox 234 1258 1380 1343; baseline 0.001 -23"><span class='ocrx_word' id='word_1_72' title='bbox 234 1280 345 1321; x_wconf 88' lang='lat' dir='ltr'><strong>versus</strong></span> <span class='ocrx_word' id='word_1_73' title='bbox 370 1259 578 1341; x_wconf 78' lang='lat' dir='ltr'><strong>requirantur</strong></span> <span class='ocrx_word' id='word_1_74' title='bbox 601 1267 701 1337; x_wconf 81' lang='lat' dir='ltr'>CXIV,</span> <span class='ocrx_word' id='word_1_75' title='bbox 731 1263 866 1343; x_wconf 90' lang='lat' dir='ltr'><strong>apparet</strong></span> <span class='ocrx_word' id='word_1_76' title='bbox 894 1280 992 1323; x_wconf 91' lang='lat' dir='ltr'><strong>unam</strong></span> <span class='ocrx_word' id='word_1_77' title='bbox 1022 1259 1177 1343; x_wconf 80' lang='lat' dir='ltr'><strong>paginam</strong></span> <span class='ocrx_word' id='word_1_78' title='bbox 1200 1258 1380 1341; x_wconf 86' lang='lat' dir='ltr'><strong>superfieri.</strong></span> 
     </span>
     <span class='ocr_line' id='line_1_10' title="bbox 234 1363 1380 1449; baseline 0.001 -22"><span class='ocrx_word' id='word_1_79' title='bbox 234 1363 306 1428; x_wconf 92' lang='lat' dir='ltr'><strong>Nisi</strong></span> <span class='ocrx_word' id='word_1_80' title='bbox 334 1365 462 1448; x_wconf 92' lang='lat' dir='ltr'><strong>quidem</strong></span> <span class='ocrx_word' id='word_1_81' title='bbox 491 1367 589 1429; x_wconf 87' lang='lat' dir='ltr'><strong>etiam</strong></span> <span class='ocrx_word' id='word_1_82' title='bbox 619 1365 808 1449; x_wconf 88' lang='lat' dir='ltr'><strong>ampliorem</strong></span> <span class='ocrx_word' id='word_1_83' title='bbox 837 1365 871 1428; x_wconf 90' lang='lat' dir='ltr'><strong>in</strong></span> <span class='ocrx_word' id='word_1_84' title='bbox 895 1365 1111 1429; x_wconf 85' lang='lat' dir='ltr'><strong>Ambrosiano</strong></span> <span class='ocrx_word' id='word_1_85' title='bbox 1139 1364 1249 1430; x_wconf 90' lang='lat' dir='ltr'><strong>codice</strong></span> <span class='ocrx_word' id='word_1_86' title='bbox 1279 1364 1380 1428; x_wconf 83' lang='lat' dir='ltr'><strong>fuisse</strong></span> 
     </span>
     <span class='ocr_line' id='line_1_11' title="bbox 233 1470 1380 1557; baseline 0 -23"><span class='ocrx_word' id='word_1_87' title='bbox 233 1470 405 1554; x_wconf 86' lang='lat' dir='ltr'><strong>prologum</strong></span> <span class='ocrx_word' id='word_1_88' title='bbox 426 1471 555 1536; x_wconf 89' lang='lat' dir='ltr'><strong>fabulae</strong></span> <span class='ocrx_word' id='word_1_89' title='bbox 576 1474 739 1555; x_wconf 89' lang='lat' dir='ltr'><strong>statueris,</strong></span> <span class='ocrx_word' id='word_1_90' title='bbox 763 1473 817 1557; x_wconf 92' lang='lat' dir='ltr'><strong>qui</strong></span> <span class='ocrx_word' id='word_1_91' title='bbox 837 1474 886 1536; x_wconf 86' lang='lat' dir='ltr'><strong>vel</strong></span> <span class='ocrx_word' id='word_1_92' title='bbox 906 1494 990 1535; x_wconf 91' lang='lat' dir='ltr'><strong>nunc</strong></span> <span class='ocrx_word' id='word_1_93' title='bbox 1009 1471 1127 1536; x_wconf 89' lang='lat' dir='ltr'><strong>ieiunis</strong></span> <span class='ocrx_word' id='word_1_94' title='bbox 1147 1470 1380 1536; x_wconf 76' lang='lat' dir='ltr'><strong>additamentis</strong></span> 
     </span>
     <span class='ocr_line' id='line_1_12' title="bbox 231 1577 1378 1661; baseline 0 -20"><span class='ocrx_word' id='word_1_95' title='bbox 231 1577 340 1661; x_wconf 89' lang='lat' dir='ltr'><strong>potins</strong></span> <span class='ocrx_word' id='word_1_96' title='bbox 365 1600 461 1661; x_wconf 91' lang='lat' dir='ltr'><strong>quam</strong></span> <span class='ocrx_word' id='word_1_97' title='bbox 491 1579 559 1643; x_wconf 93' lang='lat' dir='ltr'><strong>ulla</strong></span> <span class='ocrx_word' id='word_1_98' title='bbox 586 1580 819 1642; x_wconf 88' lang='lat' dir='ltr'><strong>sententiarum</strong></span> <span class='ocrx_word' id='word_1_99' title='bbox 842 1579 959 1643; x_wconf 88' lang='lat' dir='ltr'><strong>lacuna</strong></span> <span class='ocrx_word' id='word_1_100' title='bbox 990 1579 1127 1643; x_wconf 90' lang='lat' dir='ltr'><strong>laborat.</strong></span> <span class='ocrx_word' id='word_1_101' title='bbox 1173 1577 1245 1642; x_wconf 90' lang='lat' dir='ltr'><strong>lllis</strong></span> <span class='ocrx_word' id='word_1_102' title='bbox 1269 1583 1378 1641; x_wconf 88' lang='lat' dir='ltr'><strong>autem</strong></span> 
     </span>
     <span class='ocr_line' id='line_1_13' title="bbox 232 1684 1380 1769; baseline 0.001 -22"><span class='ocrx_word' id='word_1_103' title='bbox 232 1686 412 1769; x_wconf 84' lang='lat' dir='ltr'><strong>nonaginta</strong></span> <span class='ocrx_word' id='word_1_104' title='bbox 436 1686 582 1749; x_wconf 81' lang='lat' dir='ltr'><strong>versibus</strong></span> <span class='ocrx_word' id='word_1_105' title='bbox 606 1687 661 1749; x_wconf 94' lang='lat' dir='ltr'><strong>nbi</strong></span> <span class='ocrx_word' id='word_1_106' title='bbox 686 1708 785 1749; x_wconf 92' lang='lat' dir='ltr'><strong>unum</strong></span> <span class='ocrx_word' id='word_1_107' title='bbox 815 1684 975 1749; x_wconf 86' lang='lat' dir='ltr'><strong>addideris</strong></span> <span class='ocrx_word' id='word_1_108' title='bbox 1000 1709 1020 1748; x_wconf 91' lang='lat' dir='ltr'><strong>a</strong></span> <span class='ocrx_word' id='word_1_109' title='bbox 1043 1706 1157 1749; x_wconf 88' lang='lat' dir='ltr'><strong>scenae</strong></span> <span class='ocrx_word' id='word_1_110' title='bbox 1180 1685 1308 1767; x_wconf 83' lang='lat' dir='ltr'><strong>primae</strong></span> <span class='ocrx_word' id='word_1_111' title='bbox 1332 1688 1380 1748; x_wconf 93' lang='lat' dir='ltr'><strong>in-</strong></span> 
     </span>
     <span class='ocr_line' id='line_1_14' title="bbox 149 1791 1379 1879; baseline 0 -26"><span class='ocrx_word' id='word_1_112' title='bbox 149 1869 156 1879; x_wconf 37' lang='grc'><strong>,</strong></span> <span class='ocrx_word' id='word_1_113' title='bbox 232 1791 419 1875; x_wconf 85' lang='lat' dir='ltr'><strong>scriptione,</strong></span> <span class='ocrx_word' id='word_1_114' title='bbox 447 1814 545 1856; x_wconf 91' lang='lat' dir='ltr'><strong>unum</strong></span> <span class='ocrx_word' id='word_1_115' title='bbox 574 1792 624 1856; x_wconf 85' lang='lat' dir='ltr'><strong>vel</strong></span> <span class='ocrx_word' id='word_1_116' title='bbox 653 1792 732 1856; x_wconf 91' lang='lat' dir='ltr'><strong>duos</strong></span> <span class='ocrx_word' id='word_1_117' title='bbox 761 1793 801 1856; x_wconf 91' lang='lat' dir='ltr'><strong>ab</strong></span> <span class='ocrx_word' id='word_1_118' title='bbox 830 1793 1041 1875; x_wconf 83' lang='lat' dir='ltr'><strong>inscriptione</strong></span> <span class='ocrx_word' id='word_1_119' title='bbox 1065 1792 1208 1875; x_wconf 82' lang='lat' dir='ltr'><strong>prologi,</strong></span> <span class='ocrx_word' id='word_1_120' title='bbox 1240 1791 1379 1855; x_wconf 87' lang='lat' dir='ltr'><strong>habebis</strong></span> 
     </span>
     <span class='ocr_line' id='line_1_15' title="bbox 230 1897 1376 1981; baseline 0.002 -21"><span class='ocrx_word' id='word_1_121' title='bbox 230 1907 304 1961; x_wconf 83' lang='lat' dir='ltr'>XCII</span> <span class='ocrx_word' id='word_1_122' title='bbox 334 1899 386 1961; x_wconf 85' lang='lat' dir='ltr'><strong>vel</strong></span> <span class='ocrx_word' id='word_1_123' title='bbox 409 1907 510 1961; x_wconf 82' lang='lat' dir='ltr'>XCIII:</span> <span class='ocrx_word' id='word_1_124' title='bbox 543 1903 579 1961; x_wconf 92' lang='grc'><strong>111</strong></span> <span class='ocrx_word' id='word_1_125' title='bbox 608 1897 717 1981; x_wconf 85' lang='lat' dir='ltr'><strong>(modo</strong></span> <span class='ocrx_word' id='word_1_126' title='bbox 748 1899 845 1961; x_wconf 91' lang='lat' dir='ltr'><strong>talem</strong></span> <span class='ocrx_word' id='word_1_127' title='bbox 877 1902 911 1962; x_wconf 92' lang='lat' dir='ltr'><strong>in</strong></span> <span class='ocrx_word' id='word_1_128' title='bbox 934 1901 965 1963; x_wconf 85' lang='lat' dir='ltr'><strong><em>A</em></strong></span> <span class='ocrx_word' id='word_1_129' title='bbox 989 1899 1105 1980; x_wconf 82' lang='lat' dir='ltr'><strong>fuisse,</strong></span> <span class='ocrx_word' id='word_1_130' title='bbox 1138 1898 1246 1981; x_wconf 88' lang='lat' dir='ltr'><strong>qualis</strong></span> <span class='ocrx_word' id='word_1_131' title='bbox 1270 1904 1323 1962; x_wconf 87' lang='lat' dir='ltr'><strong>est</strong></span> <span class='ocrx_word' id='word_1_132' title='bbox 1344 1899 1376 1962; x_wconf 91' lang='lat' dir='ltr'><strong>in</strong></span> 
     </span>
     <span class='ocr_line' id='line_1_16' title="bbox 156 2003 1378 2090; baseline 0.002 -24"><span class='ocrx_word' id='word_1_133' title='bbox 156 2032 159 2037; x_wconf 55' lang='lat'><strong><em>¹</em></strong></span> <span class='ocrx_word' id='word_1_134' title='bbox 230 2003 404 2087; x_wconf 86' lang='lat' dir='ltr'><strong>Palatinis,</strong></span> <span class='ocrx_word' id='word_1_135' title='bbox 430 2006 603 2090; x_wconf 90' lang='lat' dir='ltr'><strong>prologum</strong></span> <span class='ocrx_word' id='word_1_136' title='bbox 631 2004 819 2090; x_wconf 88' lang='lat' dir='ltr'><strong>credideris)</strong></span> <span class='ocrx_word' id='word_1_137' title='bbox 850 2005 891 2068; x_wconf 90' lang='lat' dir='ltr'><strong>ad</strong></span> <span class='ocrx_word' id='word_1_138' title='bbox 914 2006 1044 2088; x_wconf 86' lang='lat' dir='ltr'><strong>plenam</strong></span> <span class='ocrx_word' id='word_1_139' title='bbox 1073 2005 1215 2088; x_wconf 90' lang='lat' dir='ltr'><strong>quinque</strong></span> <span class='ocrx_word' id='word_1_140' title='bbox 1244 2007 1378 2090; x_wconf 88' lang='lat' dir='ltr'><strong>pagina·</strong></span> 
     </span>
     <span class='ocr_line' id='line_1_17' title="bbox 230 2110 1378 2187; baseline 0.003 -13"><span class='ocrx_word' id='word_1_141' title='bbox 230 2133 301 2174; x_wconf 90' lang='lat' dir='ltr'><strong>rum</strong></span> <span class='ocrx_word' id='word_1_142' title='bbox 334 2133 516 2174; x_wconf 90' lang='lat' dir='ltr'><strong>mensuram</strong></span> <span class='ocrx_word' id='word_1_143' title='bbox 550 2112 613 2175; x_wconf 93' lang='lat' dir='ltr'><strong>duo</strong></span> <span class='ocrx_word' id='word_1_144' title='bbox 647 2111 698 2174; x_wconf 85' lang='lat' dir='ltr'><strong>vel</strong></span> <span class='ocrx_word' id='word_1_145' title='bbox 726 2119 791 2174; x_wconf 90' lang='lat' dir='ltr'><strong>tres</strong></span> <span class='ocrx_word' id='word_1_146' title='bbox 820 2133 932 2175; x_wconf 89' lang='lat' dir='ltr'><strong>versus</strong></span> <span class='ocrx_word' id='word_1_147' title='bbox 961 2111 1058 2175; x_wconf 91' lang='lat' dir='ltr'><strong>hodie</strong></span> <span class='ocrx_word' id='word_1_148' title='bbox 1089 2110 1204 2175; x_wconf 86' lang='lat' dir='ltr'><strong>desint.</strong></span> <span class='ocrx_word' id='word_1_149' title='bbox 1251 2111 1378 2187; x_wconf 82' lang='lat' dir='ltr'><strong>Quibus</strong></span> 
     </span>
     <span class='ocr_line' id='line_1_18' title="bbox 230 2217 1276 2302; baseline 0.002 -22"><span class='ocrx_word' id='word_1_150' title='bbox 230 2217 481 2281; x_wconf 86' lang='lat' dir='ltr'><strong>commodiorem</strong></span> <span class='ocrx_word' id='word_1_151' title='bbox 506 2239 602 2300; x_wconf 90' lang='lat' dir='ltr'><strong>quam</strong></span> <span class='ocrx_word' id='word_1_152' title='bbox 625 2223 702 2301; x_wconf 89' lang='lat' dir='ltr'><strong>post</strong></span> <span class='ocrx_word' id='word_1_153' title='bbox 724 2240 752 2281; x_wconf 87' lang='lat' dir='ltr'><strong>v.</strong></span> <span class='ocrx_word' id='word_1_154' title='bbox 778 2217 819 2281; x_wconf 75' lang='lat'><strong>78</strong></span> <span class='ocrx_word' id='word_1_155' title='bbox 843 2218 949 2282; x_wconf 88' lang='lat' dir='ltr'><strong>locum</strong></span> <span class='ocrx_word' id='word_1_156' title='bbox 973 2219 1028 2282; x_wconf 85' lang='lat' dir='ltr'><strong>vix</strong></span> <span class='ocrx_word' id='word_1_157' title='bbox 1052 2217 1276 2302; x_wconf 70' lang='lat' dir='ltr'><strong>excogitabis?</strong></span> 
     </span>
     <span class='ocr_line' id='line_1_19' title="bbox 319 2322 1379 2409; baseline 0.004 -23"><span class='ocrx_word' id='word_1_158' title='bbox 319 2322 455 2387; x_wconf 79' lang='lat' dir='ltr'><strong>‘Vnum</strong></span> <span class='ocrx_word' id='word_1_159' title='bbox 476 2328 583 2388; x_wconf 90' lang='lat' dir='ltr'><strong>autem</strong></span> <span class='ocrx_word' id='word_1_160' title='bbox 604 2346 767 2407; x_wconf 87' lang='lat' dir='ltr'><strong>versum,</strong></span> <span class='ocrx_word' id='word_1_161' title='bbox 791 2346 856 2389; x_wconf 90' lang='lat' dir='ltr'><strong>non</strong></span> <span class='ocrx_word' id='word_1_162' title='bbox 875 2324 983 2407; x_wconf 89' lang='lat' dir='ltr'><strong>duos,</strong></span> <span class='ocrx_word' id='word_1_163' title='bbox 1006 2325 1130 2409; x_wconf 85' lang='lat' dir='ltr'><strong>primae</strong></span> <span class='ocrx_word' id='word_1_164' title='bbox 1150 2347 1296 2390; x_wconf 85' lang='lat' dir='ltr'><strong>scenae</strong></span> <span class='ocrx_word' id='word_1_165' title='bbox 1320 2327 1379 2391; x_wconf 90' lang='lat' dir='ltr'><strong>in·</strong></span> 
     </span>
     <span class='ocr_line' id='line_1_20' title="bbox 230 2429 1379 2515; baseline 0.003 -20"><span class='ocrx_word' id='word_1_166' title='bbox 230 2431 439 2515; x_wconf 89' lang='lat' dir='ltr'><strong>scriptioni</strong></span> <span class='ocrx_word' id='word_1_167' title='bbox 476 2429 652 2515; x_wconf 82' lang='lat' dir='ltr'><strong>tribui**),</strong></span> <span class='ocrx_word' id='word_1_168' title='bbox 690 2431 776 2515; x_wconf 91' lang='lat' dir='ltr'><strong>quod</strong></span> <span class='ocrx_word' id='word_1_169' title='bbox 808 2432 842 2495; x_wconf 93' lang='lat' dir='ltr'><strong>in</strong></span> <span class='ocrx_word' id='word_1_170' title='bbox 875 2430 1095 2496; x_wconf 88' lang='lat' dir='ltr'><strong>Menaechmis</strong></span> <span class='ocrx_word' id='word_1_171' title='bbox 1128 2432 1258 2515; x_wconf 89' lang='lat' dir='ltr'><strong>quidem</strong></span> <span class='ocrx_word' id='word_1_172' title='bbox 1293 2433 1379 2498; x_wconf 88' lang='lat' dir='ltr'><strong>hanc</strong></span> 
     </span>
    </p>
   </div>
   <div class='ocr_carea' id='block_1_3' title="bbox 228 2537 1380 2729">
    <p class='ocr_par' dir='ltr' id='par_1_3' title="bbox 228 2537 1380 2729">
     <span class='ocr_line' id='line_1_21' title="bbox 228 2537 1380 2621; baseline 0.004 -21"><span class='ocrx_word' id='word_1_173' title='bbox 228 2537 332 2621; x_wconf 89' lang='lat' dir='ltr'><strong>ipsam</strong></span> <span class='ocrx_word' id='word_1_174' title='bbox 370 2538 530 2602; x_wconf 86' lang='lat' dir='ltr'><strong>rationem</strong></span> <span class='ocrx_word' id='word_1_175' title='bbox 568 2541 769 2602; x_wconf 87' lang='lat' dir='ltr'><strong>constantem</strong></span> <span class='ocrx_word' id='word_1_176' title='bbox 807 2537 907 2601; x_wconf 89' lang='lat' dir='ltr'><strong>fuisse</strong></span> <span class='ocrx_word' id='word_1_177' title='bbox 944 2539 977 2601; x_wconf 94' lang='lat' dir='ltr'><strong>in</strong></span> <span class='ocrx_word' id='word_1_178' title='bbox 1010 2538 1229 2604; x_wconf 86' lang='lat' dir='ltr'><strong>Ambrosiano</strong></span> <span class='ocrx_word' id='word_1_179' title='bbox 1267 2540 1380 2605; x_wconf 89' lang='lat' dir='ltr'><strong>codice</strong></span> 
     </span>
     <span class='ocr_line' id='line_1_22' title="bbox 228 2644 1378 2729; baseline 0.005 -23"><span class='ocrx_word' id='word_1_180' title='bbox 228 2644 325 2708; x_wconf 85' lang='lat' dir='ltr'><strong>fidem</strong></span> <span class='ocrx_word' id='word_1_181' title='bbox 350 2645 473 2709; x_wconf 89' lang='lat' dir='ltr'><strong>faciunt</strong></span> <span class='ocrx_word' id='word_1_182' title='bbox 497 2645 643 2727; x_wconf 83' lang='lat' dir='ltr'><strong>exempla</strong></span> <span class='ocrx_word' id='word_1_183' title='bbox 668 2667 777 2708; x_wconf 90' lang='lat' dir='ltr'><strong>earum</strong></span> <span class='ocrx_word' id='word_1_184' title='bbox 801 2666 970 2708; x_wconf 88' lang='lat' dir='ltr'><strong>scenarum</strong></span> <span class='ocrx_word' id='word_1_185' title='bbox 995 2645 1154 2728; x_wconf 91' lang='lat' dir='ltr'><strong>omnium,</strong></span> <span class='ocrx_word' id='word_1_186' title='bbox 1179 2667 1319 2729; x_wconf 87' lang='lat' dir='ltr'><strong>quarum</strong></span> <span class='ocrx_word' id='word_1_187' title='bbox 1344 2649 1378 2712; x_wconf 90' lang='lat' dir='ltr'><strong>in</strong></span> 
     </span>
    </p>
   </div>
   <div class='ocr_carea' id='block_1_4' title="bbox 228 2747 1379 2941">
    <p class='ocr_par' dir='ltr' id='par_1_4' title="bbox 228 2747 1379 2941">
     <span class='ocr_line' id='line_1_23' title="bbox 228 2747 1379 2834; baseline 0.004 -21"><span class='ocrx_word' id='word_1_188' title='bbox 228 2751 285 2815; x_wconf 91' lang='lat' dir='ltr'><strong>illo</strong></span> <span class='ocrx_word' id='word_1_189' title='bbox 304 2752 399 2816; x_wconf 87' lang='lat' dir='ltr'><strong>initia</strong></span> <span class='ocrx_word' id='word_1_190' title='bbox 418 2747 682 2834; x_wconf 81' lang='lat' dir='ltr'><strong>supersunt***):</strong></span> <span class='ocrx_word' id='word_1_191' title='bbox 706 2755 883 2834; x_wconf 90' lang='lat' dir='ltr'><strong>quaesunt</strong></span> <span class='ocrx_word' id='word_1_192' title='bbox 905 2773 922 2814; x_wconf 92' lang='lat' dir='ltr'><strong>e</strong></span> <span class='ocrx_word' id='word_1_193' title='bbox 941 2752 1103 2815; x_wconf 88' lang='lat' dir='ltr'><strong>tralaticia</strong></span> <span class='ocrx_word' id='word_1_194' title='bbox 1126 2774 1300 2818; x_wconf 89' lang='lat' dir='ltr'><strong>scenarum</strong></span> <span class='ocrx_word' id='word_1_195' title='bbox 1325 2755 1379 2818; x_wconf 80' lang='lat' dir='ltr'><strong>de·</strong></span> 
     </span>
     <span class='ocr_line' id='line_1_24' title="bbox 229 2855 1379 2941; baseline 0.005 -22"><span class='ocrx_word' id='word_1_196' title='bbox 229 2858 404 2940; x_wconf 87' lang='lat' dir='ltr'><strong>scriptione</strong></span> <span class='ocrx_word' id='word_1_197' title='bbox 428 2856 452 2934; x_wconf 88' lang='grc'><strong>1,</strong></span> <span class='ocrx_word' id='word_1_198' title='bbox 470 2860 502 2921; x_wconf 87' lang='grc'><strong>4.</strong></span> <span class='ocrx_word' id='word_1_199' title='bbox 524 2855 566 2939; x_wconf 92' lang='lat' dir='ltr'><strong>ll,</strong></span> <span class='ocrx_word' id='word_1_200' title='bbox 588 2860 614 2921; x_wconf 94' lang='lat' dir='ltr'><strong>l.</strong></span> <span class='ocrx_word' id='word_1_201' title='bbox 638 2856 679 2940; x_wconf 94' lang='grc'><strong>11,</strong></span> <span class='ocrx_word' id='word_1_202' title='bbox 699 2857 729 2919; x_wconf 76' lang='lat'><strong>2.</strong></span> <span class='ocrx_word' id='word_1_203' title='bbox 752 2856 809 2940; x_wconf 93' lang='lat' dir='ltr'><strong>IV,</strong></span> <span class='ocrx_word' id='word_1_204' title='bbox 828 2856 900 2941; x_wconf 77' lang='lat'>2†)‚</span> <span class='ocrx_word' id='word_1_205' title='bbox 924 2863 957 2921; x_wconf 91' lang='lat' dir='ltr'><strong>et</strong></span> <span class='ocrx_word' id='word_1_206' title='bbox 976 2863 1013 2921; x_wconf 89' lang='lat' dir='ltr'><strong>ut</strong></span> <span class='ocrx_word' id='word_1_207' title='bbox 1031 2858 1164 2921; x_wconf 86' lang='lat' dir='ltr'><strong>calculis</strong></span> <span class='ocrx_word' id='word_1_208' title='bbox 1188 2863 1277 2922; x_wconf 89' lang='lat' dir='ltr'><strong>recte</strong></span> <span class='ocrx_word' id='word_1_209' title='bbox 1303 2863 1379 2925; x_wconf 90' lang='lat' dir='ltr'><strong>sub—</strong></span> 
     </span>
    </p>
   </div>
   <div class='ocr_carea' id='block_1_5' title="bbox 228 2960 1380 3156">
    <p class='ocr_par' dir='ltr' id='par_1_5' title="bbox 228 2960 1380 3156">
     <span class='ocr_line' id='line_1_25' title="bbox 229 2960 1380 3049; baseline 0.007 -25"><span class='ocrx_word' id='word_1_210' title='bbox 229 2962 334 3026; x_wconf 92' lang='lat' dir='ltr'><strong>ductis</strong></span> <span class='ocrx_word' id='word_1_211' title='bbox 359 2964 497 3026; x_wconf 87' lang='lat' dir='ltr'><strong>efficitur</strong></span> <span class='ocrx_word' id='word_1_212' title='bbox 516 2963 574 3046; x_wconf 88' lang='lat' dir='ltr'><strong>Ill,</strong></span> <span class='ocrx_word' id='word_1_213' title='bbox 592 2964 613 3026; x_wconf 80' lang='lat'><strong>2</strong></span> <span class='ocrx_word' id='word_1_214' title='bbox 633 2960 753 3047; x_wconf 88' lang='lat' dir='ltr'><strong>(quode</strong></span> <span class='ocrx_word' id='word_1_215' title='bbox 772 2964 833 3026; x_wconf 84' lang='lat' dir='ltr'><strong>vid.</strong></span> <span class='ocrx_word' id='word_1_216' title='bbox 855 2967 963 3027; x_wconf 92' lang='lat' dir='ltr'><strong>annot.</strong></span> <span class='ocrx_word' id='word_1_217' title='bbox 989 2987 1016 3028; x_wconf 83' lang='lat' dir='ltr'><strong>v.</strong></span> <span class='ocrx_word' id='word_1_218' title='bbox 1035 2965 1115 3049; x_wconf 85' lang='grc'><strong>466)</strong></span> <span class='ocrx_word' id='word_1_219' title='bbox 1141 2969 1238 3048; x_wconf 89' lang='lat' dir='ltr'><strong>atque</strong></span> <span class='ocrx_word' id='word_1_220' title='bbox 1258 2965 1320 3049; x_wconf 93' lang='lat' dir='ltr'><strong>Ill,</strong></span> <span class='ocrx_word' id='word_1_221' title='bbox 1344 2969 1380 3032; x_wconf 88' lang='lat'><strong>3:</strong></span> 
     </span>
     <span class='ocr_line' id='line_1_26' title="bbox 228 3069 1380 3156; baseline 0.006 -25"><span class='ocrx_word' id='word_1_222' title='bbox 228 3091 303 3132; x_wconf 90' lang='lat' dir='ltr'><strong>nam</strong></span> <span class='ocrx_word' id='word_1_223' title='bbox 322 3070 360 3133; x_wconf 91' lang='lat' dir='ltr'><strong>de</strong></span> <span class='ocrx_word' id='word_1_224' title='bbox 381 3069 405 3153; x_wconf 95' lang='grc'><strong>1,</strong></span> <span class='ocrx_word' id='word_1_225' title='bbox 424 3072 444 3134; x_wconf 85' lang='grc'>3</span> <span class='ocrx_word' id='word_1_226' title='bbox 464 3076 497 3134; x_wconf 90' lang='grc'><strong>61</strong></span> <span class='ocrx_word' id='word_1_227' title='bbox 511 3070 568 3153; x_wconf 93' lang='lat' dir='ltr'><strong>IV,</strong></span> <span class='ocrx_word' id='word_1_228' title='bbox 589 3073 605 3134; x_wconf 91' lang='grc'><strong>1</strong></span> <span class='ocrx_word' id='word_1_229' title='bbox 630 3091 696 3133; x_wconf 85' lang='grc'><strong>11011</strong></span> <span class='ocrx_word' id='word_1_230' title='bbox 719 3070 796 3133; x_wconf 87' lang='grc'><strong>11661</strong></span> <span class='ocrx_word' id='word_1_231' title='bbox 814 3070 985 3153; x_wconf 91' lang='lat' dir='ltr'><strong>quicquam</strong></span> <span class='ocrx_word' id='word_1_232' title='bbox 1009 3071 1220 3156; x_wconf 81' lang='lat' dir='ltr'><strong>definire††).</strong></span> <span class='ocrx_word' id='word_1_233' title='bbox 1253 3073 1380 3149; x_wconf 84' lang='lat' dir='ltr'><strong>Quodsi</strong></span> 
     </span>
    </p>
   </div>
   <div class='ocr_carea' id='block_1_6' title="bbox 224 3333 1381 4521">
    <p class='ocr_par' dir='ltr' id='par_1_6' title="bbox 225 3333 1381 3788">
     <span class='ocr_line' id='line_1_27' title="bbox 316 3333 1379 3410; baseline 0.007 -24"><span class='ocrx_word' id='word_1_234' title='bbox 316 3335 342 3404; x_wconf 90' lang='grc'><strong>*)</strong></span> <span class='ocrx_word' id='word_1_235' title='bbox 361 3334 430 3388; x_wconf 91' lang='lat' dir='ltr'><strong>Mihi</strong></span> <span class='ocrx_word' id='word_1_236' title='bbox 444 3334 472 3387; x_wconf 92' lang='lat' dir='ltr'><strong>in</strong></span> <span class='ocrx_word' id='word_1_237' title='bbox 488 3351 568 3388; x_wconf 86' lang='lat' dir='ltr'><strong>versu</strong></span> <span class='ocrx_word' id='word_1_238' title='bbox 585 3340 618 3386; x_wconf 79' lang='lat'><strong>14</strong></span> <span class='ocrx_word' id='word_1_239' title='bbox 632 3333 764 3402; x_wconf 85' lang='lat' dir='ltr'><strong>apparuit</strong></span> <span class='ocrx_word' id='word_1_240' title='bbox 779 3348 1073 3402; x_wconf 78' lang='lat' dir='ltr'><strong>r—--——---ur1,</strong></span> <span class='ocrx_word' id='word_1_241' title='bbox 1093 3353 1149 3403; x_wconf 90' lang='lat' dir='ltr'><strong>quo</strong></span> <span class='ocrx_word' id='word_1_242' title='bbox 1169 3337 1283 3392; x_wconf 88' lang='lat' dir='ltr'><strong>accedit</strong></span> <span class='ocrx_word' id='word_1_243' title='bbox 1302 3340 1379 3410; x_wconf 82' lang='lat' dir='ltr'><strong>frag-</strong></span> 
     </span>
     <span class='ocr_line' id='line_1_28' title="bbox 227 3414 1381 3483; baseline 0.003 -15"><span class='ocrx_word' id='word_1_244' title='bbox 227 3420 352 3468; x_wconf 90' lang='lat' dir='ltr'><strong>mentum</strong></span> <span class='ocrx_word' id='word_1_245' title='bbox 377 3416 431 3468; x_wconf 89' lang='lat' dir='ltr'><strong>huc</strong></span> <span class='ocrx_word' id='word_1_246' title='bbox 454 3414 596 3483; x_wconf 84' lang='lat' dir='ltr'><strong>pertinens</strong></span> <span class='ocrx_word' id='word_1_247' title='bbox 616 3419 645 3467; x_wconf 83' lang='lat' dir='ltr'><strong>et</strong></span> <span class='ocrx_word' id='word_1_248' title='bbox 670 3414 748 3467; x_wconf 90' lang='lat' dir='ltr'><strong>illam</strong></span> <span class='ocrx_word' id='word_1_249' title='bbox 773 3414 919 3467; x_wconf 87' lang='lat' dir='ltr'><strong>continens</strong></span> <span class='ocrx_word' id='word_1_250' title='bbox 943 3415 1067 3468; x_wconf 86' lang='lat' dir='ltr'><strong>litteram</strong></span> <span class='ocrx_word' id='word_1_251' title='bbox 1092 3432 1176 3481; x_wconf 89' lang='lat' dir='ltr'><strong>quam</strong></span> <span class='ocrx_word' id='word_1_252' title='bbox 1203 3415 1381 3472; x_wconf 82' lang='lat' dir='ltr'><strong>Bitschelius</strong></span> 
     </span>
     <span class='ocr_line' id='line_1_29' title="bbox 226 3493 1379 3562; baseline 0.003 -14"><span class='ocrx_word' id='word_1_253' title='bbox 226 3496 272 3548; x_wconf 92' lang='lat' dir='ltr'><strong>bic</strong></span> <span class='ocrx_word' id='word_1_254' title='bbox 291 3510 311 3547; x_wconf 81' lang='grc' dir='ltr'><strong>Α</strong></span> <span class='ocrx_word' id='word_1_255' title='bbox 330 3494 456 3561; x_wconf 84' lang='lat' dir='ltr'><strong>notavit,</strong></span> <span class='ocrx_word' id='word_1_256' title='bbox 476 3511 539 3547; x_wconf 90' lang='lat' dir='ltr'><strong>eum</strong></span> <span class='ocrx_word' id='word_1_257' title='bbox 563 3494 592 3546; x_wconf 91' lang='lat' dir='ltr'><strong>in</strong></span> <span class='ocrx_word' id='word_1_258' title='bbox 611 3493 740 3562; x_wconf 85' lang='lat' dir='ltr'><strong>Parergis</strong></span> <span class='ocrx_word' id='word_1_259' title='bbox 764 3493 871 3546; x_wconf 89' lang='lat' dir='ltr'><strong>diceret</strong></span> <span class='ocrx_word' id='word_1_260' title='bbox 897 3495 953 3548; x_wconf 77' lang='lat' dir='ltr'><strong>‘ein</strong></span> <span class='ocrx_word' id='word_1_261' title='bbox 972 3509 992 3547; x_wconf 78' lang='grc' dir='ltr'><strong>Α</strong></span> <span class='ocrx_word' id='word_1_262' title='bbox 1011 3497 1076 3549; x_wconf 83' lang='lat' dir='ltr'><strong>oder</strong></span> <span class='ocrx_word' id='word_1_263' title='bbox 1101 3495 1193 3549; x_wconf 80' lang='lat' dir='ltr'><strong>balbas</strong></span> <span class='ocrx_word' id='word_1_264' title='bbox 1212 3497 1266 3552; x_wconf 69' lang='grc' dir='ltr'><strong>Μ’.</strong></span> <span class='ocrx_word' id='word_1_265' title='bbox 1306 3498 1379 3552; x_wconf 80' lang='lat' dir='ltr'><strong>Mihi</strong></span> 
     </span>
     <span class='ocr_line' id='line_1_30' title="bbox 227 3573 1379 3644; baseline 0.003 -17"><span class='ocrx_word' id='word_1_266' title='bbox 227 3579 360 3644; x_wconf 91' lang='lat' dir='ltr'><strong>punctum</strong></span> <span class='ocrx_word' id='word_1_267' title='bbox 380 3593 443 3629; x_wconf 91' lang='lat' dir='ltr'><strong>oum</strong></span> <span class='ocrx_word' id='word_1_268' title='bbox 463 3575 543 3627; x_wconf 92' lang='lat' dir='ltr'><strong>initio</strong></span> <span class='ocrx_word' id='word_1_269' title='bbox 558 3588 582 3626; x_wconf 83' lang='lat' dir='ltr'><strong>M</strong></span> <span class='ocrx_word' id='word_1_270' title='bbox 596 3575 708 3627; x_wconf 89' lang='lat' dir='ltr'><strong>litterae</strong></span> <span class='ocrx_word' id='word_1_271' title='bbox 728 3573 818 3628; x_wconf 86' lang='lat' dir='ltr'><strong>inesse</strong></span> <span class='ocrx_word' id='word_1_272' title='bbox 839 3573 929 3626; x_wconf 87' lang='lat' dir='ltr'><strong>visum</strong></span> <span class='ocrx_word' id='word_1_273' title='bbox 949 3576 1000 3627; x_wconf 88' lang='grc'><strong>661.</strong></span> <span class='ocrx_word' id='word_1_274' title='bbox 1040 3574 1128 3627; x_wconf 89' lang='lat' dir='ltr'><strong>Versu</strong></span> <span class='ocrx_word' id='word_1_275' title='bbox 1147 3579 1244 3628; x_wconf 86' lang='lat' dir='ltr'><strong>autem</strong></span> <span class='ocrx_word' id='word_1_276' title='bbox 1267 3584 1302 3630; x_wconf 89' lang='grc'><strong>16</strong></span> <span class='ocrx_word' id='word_1_277' title='bbox 1322 3595 1379 3631; x_wconf 85' lang='grc'><strong>11611</strong></span> 
     </span>
     <span class='ocr_line' id='line_1_31' title="bbox 228 3653 1378 3722; baseline 0.003 -15"><span class='ocrx_word' id='word_1_278' title='bbox 228 3657 309 3709; x_wconf 90' lang='lat' dir='ltr'><strong>modo</strong></span> <span class='ocrx_word' id='word_1_279' title='bbox 328 3669 513 3708; x_wconf 77' lang='lat' dir='ltr'><strong>unuaaosur</strong></span> <span class='ocrx_word' id='word_1_280' title='bbox 536 3654 618 3722; x_wconf 87' lang='lat' dir='ltr'><strong>plene</strong></span> <span class='ocrx_word' id='word_1_281' title='bbox 643 3653 787 3722; x_wconf 85' lang='lat' dir='ltr'><strong>apparuit,</strong></span> <span class='ocrx_word' id='word_1_282' title='bbox 811 3653 859 3706; x_wconf 88' lang='lat' dir='ltr'><strong>sed</strong></span> <span class='ocrx_word' id='word_1_283' title='bbox 886 3655 971 3706; x_wconf 88' lang='lat' dir='ltr'><strong>etiam</strong></span> <span class='ocrx_word' id='word_1_284' title='bbox 998 3654 1378 3722; x_wconf 79' lang='lat' dir='ltr'><strong>(minuseertum)1no1r1r</strong></span> 
     </span>
     <span class='ocr_line' id='line_1_32' title="bbox 225 3733 861 3788; baseline -0.002 -1"><span class='ocrx_word' id='word_1_285' title='bbox 225 3738 291 3787; x_wconf 89' lang='lat' dir='ltr'><strong>aute</strong></span> <span class='ocrx_word' id='word_1_286' title='bbox 310 3749 430 3788; x_wconf 70' lang='lat' dir='ltr'><strong>curruum</strong></span> <span class='ocrx_word' id='word_1_287' title='bbox 448 3734 523 3786; x_wconf 86' lang='lat' dir='ltr'><strong>etin</strong></span> <span class='ocrx_word' id='word_1_288' title='bbox 541 3733 634 3786; x_wconf 90' lang='lat' dir='ltr'><strong>medio</strong></span> <span class='ocrx_word' id='word_1_289' title='bbox 654 3733 773 3786; x_wconf 85' lang='lat' dir='ltr'><strong>fortasse</strong></span> <span class='ocrx_word' id='word_1_290' title='bbox 792 3748 861 3786; x_wconf 74' lang='lat' dir='ltr'><strong>axe.</strong></span> 
     </span>
    </p>

    <p class='ocr_par' dir='ltr' id='par_1_7' title="bbox 226 3812 1377 4121">
     <span class='ocr_line' id='line_1_33' title="bbox 315 3812 1377 3886; baseline 0.005 -20"><span class='ocrx_word' id='word_1_291' title='bbox 315 3815 358 3880; x_wconf 79' lang='grc'><strong>**)</strong></span> <span class='ocrx_word' id='word_1_292' title='bbox 377 3816 414 3866; x_wconf 84' lang='lat' dir='ltr'><strong>At</strong></span> <span class='ocrx_word' id='word_1_293' title='bbox 432 3815 526 3881; x_wconf 90' lang='lat' dir='ltr'><strong>ipsum</strong></span> <span class='ocrx_word' id='word_1_294' title='bbox 545 3812 658 3866; x_wconf 89' lang='lat' dir='ltr'><strong>initium</strong></span> <span class='ocrx_word' id='word_1_295' title='bbox 678 3813 791 3867; x_wconf 90' lang='lat' dir='ltr'><strong>fabulae</strong></span> <span class='ocrx_word' id='word_1_296' title='bbox 810 3828 909 3864; x_wconf 89' lang='lat' dir='ltr'><strong>revera</strong></span> <span class='ocrx_word' id='word_1_297' title='bbox 922 3813 1030 3867; x_wconf 89' lang='lat' dir='ltr'><strong>duobus</strong></span> <span class='ocrx_word' id='word_1_298' title='bbox 1050 3815 1177 3868; x_wconf 86' lang='lat' dir='ltr'><strong>versibus</strong></span> <span class='ocrx_word' id='word_1_299' title='bbox 1197 3816 1377 3886; x_wconf 89' lang='lat' dir='ltr'><strong>inscriptioni</strong></span> 
     </span>
     <span class='ocr_line' id='line_1_34' title="bbox 227 3893 1377 3960; baseline 0.005 -17"><span class='ocrx_word' id='word_1_300' title='bbox 227 3894 331 3944; x_wconf 88' lang='lat' dir='ltr'><strong>relictis</strong></span> <span class='ocrx_word' id='word_1_301' title='bbox 351 3894 514 3947; x_wconf 86' lang='lat' dir='ltr'><strong>distinctum</strong></span> <span class='ocrx_word' id='word_1_302' title='bbox 533 3910 593 3945; x_wconf 89' lang='grc'><strong>6666</strong></span> <span class='ocrx_word' id='word_1_303' title='bbox 613 3893 740 3946; x_wconf 87' lang='lat' dir='ltr'><strong>Loewius</strong></span> <span class='ocrx_word' id='word_1_304' title='bbox 760 3893 832 3944; x_wconf 83' lang='lat' dir='ltr'><strong>vidit</strong></span> <span class='ocrx_word' id='word_1_305' title='bbox 855 3893 979 3960; x_wconf 90' lang='lat' dir='ltr'><strong>itemque</strong></span> <span class='ocrx_word' id='word_1_306' title='bbox 1003 3895 1076 3948; x_wconf 87' lang='lat' dir='ltr'><strong>inter</strong></span> <span class='ocrx_word' id='word_1_307' title='bbox 1099 3911 1124 3949; x_wconf 84' lang='lat' dir='ltr'><strong>v.</strong></span> <span class='ocrx_word' id='word_1_308' title='bbox 1145 3901 1179 3949; x_wconf 77' lang='lat'><strong>78</strong></span> <span class='ocrx_word' id='word_1_309' title='bbox 1199 3901 1230 3948; x_wconf 95' lang='grc'><strong>61</strong></span> <span class='ocrx_word' id='word_1_310' title='bbox 1249 3903 1285 3950; x_wconf 76' lang='grc'><strong>79</strong></span> <span class='ocrx_word' id='word_1_311' title='bbox 1304 3897 1377 3951; x_wconf 90' lang='lat' dir='ltr'><strong>nibil</strong></span> 
     </span>
     <span class='ocr_line' id='line_1_35' title="bbox 226 3970 1377 4042; baseline 0.008 -22"><span class='ocrx_word' id='word_1_312' title='bbox 226 3970 415 4025; x_wconf 80' lang='lat' dir='ltr'><strong>intercessisse</strong></span> <span class='ocrx_word' id='word_1_313' title='bbox 444 3972 473 4026; x_wconf 93' lang='lat' dir='ltr'><strong>in</strong></span> <span class='ocrx_word' id='word_1_314' title='bbox 498 3973 541 4038; x_wconf 80' lang='lat' dir='ltr'><strong>A,</strong></span> <span class='ocrx_word' id='word_1_315' title='bbox 566 3989 629 4025; x_wconf 89' lang='lat' dir='ltr'><strong>cum</strong></span> <span class='ocrx_word' id='word_1_316' title='bbox 656 3973 683 4024; x_wconf 90' lang='lat' dir='ltr'><strong>in</strong></span> <span class='ocrx_word' id='word_1_317' title='bbox 708 3974 763 4025; x_wconf 89' lang='lat' dir='ltr'><strong>fine</strong></span> <span class='ocrx_word' id='word_1_318' title='bbox 788 3972 900 4042; x_wconf 88' lang='lat' dir='ltr'><strong>prologi</strong></span> <span class='ocrx_word' id='word_1_319' title='bbox 923 3973 1017 4042; x_wconf 90' lang='lat' dir='ltr'><strong>potius</strong></span> <span class='ocrx_word' id='word_1_320' title='bbox 1040 3990 1112 4025; x_wconf 86' lang='lat' dir='ltr'><strong>unus</strong></span> <span class='ocrx_word' id='word_1_321' title='bbox 1131 3974 1250 4029; x_wconf 87' lang='lat' dir='ltr'><strong>accedat</strong></span> <span class='ocrx_word' id='word_1_322' title='bbox 1271 3994 1377 4031; x_wconf 81' lang='lat' dir='ltr'><strong>versus.</strong></span> 
     </span>
     <span class='ocr_line' id='line_1_36' title="bbox 226 4048 1270 4121; baseline 0.011 -22"><span class='ocrx_word' id='word_1_323' title='bbox 226 4048 323 4115; x_wconf 85' lang='lat' dir='ltr'><strong>ltaque</strong></span> <span class='ocrx_word' id='word_1_324' title='bbox 342 4050 412 4102; x_wconf 89' lang='lat' dir='ltr'><strong>nihil</strong></span> <span class='ocrx_word' id='word_1_325' title='bbox 431 4052 470 4105; x_wconf 91' lang='lat' dir='ltr'><strong>sic</strong></span> <span class='ocrx_word' id='word_1_326' title='bbox 489 4052 569 4105; x_wconf 86' lang='grc'><strong>(16661</strong></span> <span class='ocrx_word' id='word_1_327' title='bbox 587 4051 622 4104; x_wconf 87' lang='lat' dir='ltr'><strong>ad</strong></span> <span class='ocrx_word' id='word_1_328' title='bbox 641 4053 753 4120; x_wconf 83' lang='lat' dir='ltr'><strong>plenam</strong></span> <span class='ocrx_word' id='word_1_329' title='bbox 773 4054 895 4120; x_wconf 85' lang='lat' dir='ltr'><strong>quinque</strong></span> <span class='ocrx_word' id='word_1_330' title='bbox 913 4053 1081 4121; x_wconf 86' lang='lat' dir='ltr'><strong>paginarum</strong></span> <span class='ocrx_word' id='word_1_331' title='bbox 1099 4070 1270 4110; x_wconf 89' lang='lat' dir='ltr'><strong>mensuram.</strong></span> 
     </span>
    </p>

    <p class='ocr_par' dir='ltr' id='par_1_8' title="bbox 224 4128 1377 4362">
     <span class='ocr_line' id='line_1_37' title="bbox 315 4128 1377 4204; baseline 0.009 -24"><span class='ocrx_word' id='word_1_332' title='bbox 315 4128 373 4196; x_wconf 85' lang='lat'>***)</span> <span class='ocrx_word' id='word_1_333' title='bbox 393 4130 538 4199; x_wconf 76' lang='lat' dir='ltr'><strong>Excipitur</strong></span> <span class='ocrx_word' id='word_1_334' title='bbox 562 4133 570 4182; x_wconf 94' lang='lat' dir='ltr'>I</span> <span class='ocrx_word' id='word_1_335' title='bbox 596 4137 625 4196; x_wconf 77' lang='lat'><strong>2,</strong></span> <span class='ocrx_word' id='word_1_336' title='bbox 654 4132 701 4184; x_wconf 90' lang='lat' dir='ltr'><strong>ubi</strong></span> <span class='ocrx_word' id='word_1_337' title='bbox 730 4148 812 4184; x_wconf 88' lang='lat' dir='ltr'><strong>versu</strong></span> <span class='ocrx_word' id='word_1_338' title='bbox 841 4132 918 4186; x_wconf 91' lang='lat' dir='ltr'><strong>nullo</strong></span> <span class='ocrx_word' id='word_1_339' title='bbox 946 4150 1034 4187; x_wconf 83' lang='lat' dir='ltr'><strong>vacuo</strong></span> <span class='ocrx_word' id='word_1_340' title='bbox 1060 4134 1274 4204; x_wconf 87' lang='lat' dir='ltr'><strong>inscriptionem</strong></span> <span class='ocrx_word' id='word_1_341' title='bbox 1301 4137 1377 4190; x_wconf 88' lang='lat' dir='ltr'><strong>inter</strong></span> 
     </span>
     <span class='ocr_line' id='line_1_38' title="bbox 226 4212 1374 4284; baseline 0.008 -25"><span class='ocrx_word' id='word_1_342' title='bbox 226 4227 249 4259; x_wconf 91' lang='lat' dir='ltr'><strong>v.</strong></span> <span class='ocrx_word' id='word_1_343' title='bbox 273 4215 304 4260; x_wconf 84' lang='lat'><strong>18</strong></span> <span class='ocrx_word' id='word_1_344' title='bbox 324 4213 405 4262; x_wconf 85' lang='grc'><strong>6119</strong></span> <span class='ocrx_word' id='word_1_345' title='bbox 425 4214 496 4278; x_wconf 82' lang='lat'>(109.</span> <span class='ocrx_word' id='word_1_346' title='bbox 518 4216 578 4276; x_wconf 79' lang='lat'>110)</span> <span class='ocrx_word' id='word_1_347' title='bbox 598 4212 766 4264; x_wconf 87' lang='lat' dir='ltr'><strong>inculcatam</strong></span> <span class='ocrx_word' id='word_1_348' title='bbox 791 4229 851 4265; x_wconf 88' lang='lat' dir='ltr'><strong>esse</strong></span> <span class='ocrx_word' id='word_1_349' title='bbox 875 4212 977 4265; x_wconf 89' lang='lat' dir='ltr'><strong>litteris</strong></span> <span class='ocrx_word' id='word_1_350' title='bbox 996 4213 1151 4267; x_wconf 91' lang='lat' dir='ltr'><strong>minoribus</strong></span> <span class='ocrx_word' id='word_1_351' title='bbox 1170 4215 1228 4268; x_wconf 85' lang='lat' dir='ltr'><strong>iarn</strong></span> <span class='ocrx_word' id='word_1_352' title='bbox 1248 4217 1374 4284; x_wconf 84' lang='lat' dir='ltr'><strong>Gepper-</strong></span> 
     </span>
     <span class='ocr_line' id='line_1_39' title="bbox 224 4290 1163 4362; baseline 0.009 -24"><span class='ocrx_word' id='word_1_353' title='bbox 224 4293 269 4338; x_wconf 91' lang='lat' dir='ltr'><strong>tus</strong></span> <span class='ocrx_word' id='word_1_354' title='bbox 290 4290 361 4341; x_wconf 88' lang='lat' dir='ltr'><strong>vidit</strong></span> <span class='ocrx_word' id='word_1_355' title='bbox 379 4291 406 4341; x_wconf 90' lang='lat' dir='ltr'><strong>in</strong></span> <span class='ocrx_word' id='word_1_356' title='bbox 427 4291 489 4358; x_wconf 86' lang='lat' dir='ltr'><strong>ipsa</strong></span> <span class='ocrx_word' id='word_1_357' title='bbox 508 4306 573 4342; x_wconf 85' lang='lat' dir='ltr'><strong>sane</strong></span> <span class='ocrx_word' id='word_1_358' title='bbox 593 4291 711 4344; x_wconf 89' lang='lat' dir='ltr'><strong>lectione</strong></span> <span class='ocrx_word' id='word_1_359' title='bbox 731 4292 876 4360; x_wconf 88' lang='lat' dir='ltr'><strong>paululum</strong></span> <span class='ocrx_word' id='word_1_360' title='bbox 895 4310 912 4344; x_wconf 85' lang='lat' dir='ltr'><strong>a</strong></span> <span class='ocrx_word' id='word_1_361' title='bbox 931 4310 975 4345; x_wconf 90' lang='lat' dir='ltr'><strong>me</strong></span> <span class='ocrx_word' id='word_1_362' title='bbox 995 4294 1163 4362; x_wconf 83' lang='lat' dir='ltr'><strong>discrepans.</strong></span> 
     </span>
    </p>

    <p class='ocr_par' dir='ltr' id='par_1_9' title="bbox 313 4370 1335 4439">
     <span class='ocr_line' id='line_1_40' title="bbox 313 4370 1335 4439; baseline 0.01 -20"><span class='ocrx_word' id='word_1_363' title='bbox 313 4370 342 4431; x_wconf 82' lang='lat'><strong>†)</strong></span> <span class='ocrx_word' id='word_1_364' title='bbox 362 4370 506 4422; x_wconf 83' lang='lat' dir='ltr'><strong>Accedunt</strong></span> <span class='ocrx_word' id='word_1_365' title='bbox 524 4370 579 4422; x_wconf 86' lang='lat' dir='ltr'><strong>iarn</strong></span> <span class='ocrx_word' id='word_1_366' title='bbox 600 4373 710 4438; x_wconf 84' lang='lat' dir='ltr'><strong>praeter</strong></span> <span class='ocrx_word' id='word_1_367' title='bbox 730 4373 741 4423; x_wconf 95' lang='grc' dir='ltr'>Ι</span> <span class='ocrx_word' id='word_1_368' title='bbox 760 4378 775 4423; x_wconf 89' lang='grc'>3</span> <span class='ocrx_word' id='word_1_369' title='bbox 796 4374 825 4423; x_wconf 88' lang='grc'><strong>61</strong></span> <span class='ocrx_word' id='word_1_370' title='bbox 845 4372 880 4423; x_wconf 93' lang='lat' dir='ltr'>IV</span> <span class='ocrx_word' id='word_1_371' title='bbox 902 4378 913 4422; x_wconf 92' lang='lat'>1</span> <span class='ocrx_word' id='word_1_372' title='bbox 936 4372 1012 4439; x_wconf 84' lang='lat' dir='ltr'><strong>(vide</strong></span> <span class='ocrx_word' id='word_1_373' title='bbox 1031 4374 1115 4438; x_wconf 84' lang='lat' dir='ltr'><strong>iufra)</strong></span> <span class='ocrx_word' id='word_1_374' title='bbox 1137 4372 1160 4424; x_wconf 91' lang='lat' dir='ltr'>V</span> <span class='ocrx_word' id='word_1_375' title='bbox 1181 4380 1198 4425; x_wconf 85' lang='lat'>8</span> <span class='ocrx_word' id='word_1_376' title='bbox 1218 4376 1248 4427; x_wconf 91' lang='lat' dir='ltr'><strong>et</strong></span> <span class='ocrx_word' id='word_1_377' title='bbox 1267 4375 1291 4427; x_wconf 91' lang='lat' dir='ltr'>V</span> <span class='ocrx_word' id='word_1_378' title='bbox 1310 4382 1335 4429; x_wconf 82' lang='grc'><strong>9.</strong></span> 
     </span>
    </p>

    <p class='ocr_par' dir='ltr' id='par_1_10' title="bbox 313 4449 1374 4521">
     <span class='ocr_line' id='line_1_41' title="bbox 313 4449 1374 4521; baseline 0.013 -25"><span class='ocrx_word' id='word_1_379' title='bbox 313 4451 360 4513; x_wconf 64' lang='grc'><strong>11)</strong></span> <span class='ocrx_word' id='word_1_380' title='bbox 381 4449 420 4498; x_wconf 83' lang='lat' dir='ltr'><strong>De</strong></span> <span class='ocrx_word' id='word_1_381' title='bbox 443 4450 477 4500; x_wconf 85' lang='lat' dir='ltr'><strong>III</strong></span> <span class='ocrx_word' id='word_1_382' title='bbox 498 4457 513 4502; x_wconf 81' lang='lat'>2</span> <span class='ocrx_word' id='word_1_383' title='bbox 533 4450 594 4517; x_wconf 88' lang='lat' dir='ltr'><strong>ipsa</strong></span> <span class='ocrx_word' id='word_1_384' title='bbox 614 4451 733 4503; x_wconf 82' lang='lat' dir='ltr'><strong>lectione</strong></span> <span class='ocrx_word' id='word_1_385' title='bbox 753 4454 929 4506; x_wconf 87' lang='lat' dir='ltr'><strong>coulirmavit</strong></span> <span class='ocrx_word' id='word_1_386' title='bbox 946 4452 1083 4517; x_wconf 68' lang='lat' dir='ltr'><strong>Loewiua</strong></span> <span class='ocrx_word' id='word_1_387' title='bbox 1103 4453 1171 4506; x_wconf 88' lang='lat' dir='ltr'><strong>item</strong></span> <span class='ocrx_word' id='word_1_388' title='bbox 1191 4457 1227 4508; x_wconf 86' lang='lat' dir='ltr'><strong>de</strong></span> <span class='ocrx_word' id='word_1_389' title='bbox 1247 4455 1258 4506; x_wconf 97' lang='lat' dir='ltr'><strong>l</strong></span> <span class='ocrx_word' id='word_1_390' title='bbox 1279 4463 1304 4521; x_wconf 87' lang='grc'><strong>3,</strong></span> <span class='ocrx_word' id='word_1_391' title='bbox 1324 4457 1374 4510; x_wconf 88' lang='lat' dir='ltr'><strong>ubi</strong></span> 
     </span>
    </p>
   </div>
   <div class='ocr_carea' id='block_1_7' title="bbox 0 0 1474 5062">
    <p class='ocr_par' dir='ltr' id='par_1_11' title="bbox 0 0 1474 5062">
     <span class='ocr_line' id='line_1_42' title="bbox 0 0 1474 5062; baseline 0 2"><span class='ocrx_word' id='word_1_392' title='bbox 0 0 1474 5062; x_wconf 95' lang='lat' dir='ltr'><strong> </strong></span> 
     </span>
    </p>
   </div>
  </div>
 </body>
</html>
