2940 5062
131 319 160 375 Π
173 326 200 388 6,
214 325 320 376 22-84
588 263 851 379 (ΙΙΞΤΕΙᾸΆΒΙΑο

592 483 820 539 Pneuosrunrn

133 591 202 677 An,
225 596 357 680 emebo,
380 595 531 660 meretrix
554 593 659 679 illast,
683 617 764 679 quae
787 593 880 657 illam
903 591 1060 657 sustulit?

624 772 786 825 Lmrrnmu

135 879 240 946 Imm6
265 881 419 945 meretrix
440 879 519 946 fuit:
544 881 599 945 sed
623 885 660 945 ut
682 881 739 963 sit,
763 880 801 943 de
825 902 919 945 eure
943 880 1087 963 eloquar.
1226 895 1278 945 666

135 985 206 1053 Iam
229 987 444 1071 perducebam
468 988 560 1052 illam
584 987 624 1051 ed
648 1010 699 1052 me
724 986 857 1051 suadele
880 1009 965 1068 mea,

137 1093 230 1158 Anus
254 1091 286 1159 es
307 1116 403 1179 quom
428 1094 609 1177 amplexust
632 1095 751 1178 genua,
775 1093 920 1176 plorans,
943 1093 1132 1172 ebsecrans,

136 1199 187 1266 Ne
210 1200 339 1266 deserat
362 1222 411 1266 se:
434 1201 506 1265 eem
531 1222 622 1266 suam
646 1222 715 1264 esse
738 1197 844 1264 filiam

138 1305 243 1393 Seque
266 1308 338 1373 eem
362 1309 524 1394 peperisse
549 1307 659 1373 sencte
683 1306 853 1372 adiurebet
878 1306 965 1371 mihi.

138 1414 265 1481 ‘Istenc
288 1437 387 1501 quam
410 1414 556 1500 quaeris’
580 1413 687 1500 inquit
711 1413 787 1500 ‘ego
811 1415 934 1479 amicae
958 1435 1049 1478 meae
1232 1433 1284 1481 670

139 1521 236 1607 Dedi,
260 1545 341 1609 quae
364 1524 516 1589 educaret
540 1524 610 1588 eem
633 1544 692 1608 pro
715 1522 817 1588 filiola'
841 1545 911 1587 suu:

137 1628 185 1694 Et
208 1627 306 1695 uiuit’
330 1631 444 1716 inquit
490 1629 563 1695 ‘ubi
587 1629 695 1695 east?'
718 1631 851 1715 inquam
874 1630 1069 1714 extempulo.

598 1807 826 1863 Pmuosrrnrr

144 1912 278 1982 Seruete
303 1917 336 1982 di
359 1917 445 2002 med,
468 1918 611 1982 ebsecro.

632 2073 793 2130 Mnunuurs

675 2185 721 2250 At
742 2208 794 2250 me
817 2184 961 2270 perditis

600 2361 828 2417 Pmuosrnnrn

146 2471 230 2546 Quoi
253 2471 346 2536 illem
371 2470 513 2535 dedisset
535 2471 712 2556 exquisisse
735 2472 887 2556 opertuit

637 2638 797 2692 Lmrnro

144 2745 301 2822 Quaesiui
325 2751 358 2811 et
381 2747 474 2813 dixit:
496 2748 658 2813 meretrici
681 2747 862 2813 Melaenidi.

637 2904 798 2961 annnrs

144 3015 254 3080 Meum
278 3017 440 3082 elocutust
462 3018 593 3081 nemen:
617 3016 727 3081 interii
751 3017 879 3102 eppido.

237 3215 297 3265 664.
312 3210 475 3265 meritrixB
532 3209 584 3264 ills
602 3209 642 3265 eu
660 3210 726 3264 libri
784 3225 838 3278 que
853 3209 883 3262 Ε
935 3214 994 3264 665.
1010 3210 1136 3263 meritrix
1150 3209 1177 3263 B
1237 3206 1291 3263 Sed

145 3291 188 3357 (in
205 3291 293 3345 medio
311 3292 347 3360 v.)
365 3290 425 3345 BJ.
446 3290 479 3345 l&
497 3289 528 3344 E
598 3307 661 3345 eure
679 3290 706 3343 B
783 3291 908 3359 eloquar,
927 3306 941 3341 r
959 3307 992 3345 ex
1011 3289 1077 3343 [Ε.
1097 3288 1291 3359 loquer(*)

145 3375 207 3425 666.
227 3371 310 3425 adme
328 3371 392 3424 BV
480 3376 541 3428 667.
561 3389 646 3441 quom
664 3369 813 3440 Seyffertue
831 3369 909 3424 stud.
930 3371 975 3424 Pl.
992 3387 1020 3440 p.
1036 3376 1068 3426 8:
1087 3386 1136 3425 om.
1156 3371 1222 3424 libri

145 3450 232 3505 ienua
248 3451 273 3505 J
335 3445 378 3524 'llll
394 3450 540 3506 obsecrans
555 3452 594 3521 E,
610 3469 646 3505 er.
667 3450 690 3504 dc
708 3449 745 3519 (*)
830 3454 890 3505 668,
910 3449 1055 3505 nedelerut
1073 3450 1109 3504 B.
1128 3449 1293 3503 nondelerat

152 3567 332 3636 Verrem
345 3568 482 3639 Pylades).
497 3533 650 3640 ntuetr
717 3565 859 3636 namne)
915 3567 1072 3622 tessun
1093 3566 1211 3642 repen.
1232 3566 1293 3634 repr

147 3647 173 3702 J
185 3648 222 3717 (⁸)
288 3653 348 3702 670.
367 3648 421 3702 iltd
439 3650 463 3704 J
467 3649 498 3704 F
553 3648 647 3717 queris
662 3648 728 3703 VF.
748 3648 836 3716 quiris
852 3648 882 3701 Ε
938 3649 1035 3716 inquid
1054 3648 1081 3703 V
1131 3649 1221 3702 amice
1239 3647 1262 3701 J
1266 3647 1297 3702 F

190 3733 252 3783 671.
272 3746 326 3796 que
340 3729 407 3784 EF
474 3729 658 3805 pfiliolnEJ
738 3735 797 3783 672.
817 3729 1050 3784 Huncv.om.F
1118 3727 1263 3798 inquidV

148 3809 233 3863 ubien
251 3825 285 3862 66
299 3808 329 3861 E
399 3808 441 3864 el't
458 3810 524 3864 libri
587 3816 649 3864 ante
668 3809 784 3878 luquem
803 3809 863 3877 (ric)
882 3814 899 3863 3
919 3811 969 3863 liu.
990 3811 1040 3863 lue.
1059 3814 1084 3862 et
1098 3810 1221 3878 parvula
1239 3826 1295 3863 rur.

149 3890 177 3944 Β
250 3889 392 3958 extemplo
410 3889 437 3945 J.
461 3907 495 3945 ex
512 3891 619 3959 templo
638 3890 664 3943 Z
740 3894 799 3944 673.
819 3889 881 3943 Phe
900 3889 964 3944 add.
984 3888 1025 3941 B’
1042 3889 1225 3957 (muratel
1244 3906 1295 3944 orn.

150 3971 251 4039 reliqui
268 3971 349 4037 (corr.
369 3968 533 4039 Saracenas)
630 3971 659 4024 di
679 3970 741 4023 med
761 3969 892 4024 Klotzius
912 3970 996 4023 ‘Aru
1016 3969 1109 4023 Metr.’
1128 3986 1158 4038 p.
1175 3975 1236 4025 188.
1266 3969 1296 4024 di

151 4067 195 4104 me
214 4048 311 4104 VEZ.
341 4046 381 4101 dii
399 4064 444 4102 me
463 4048 500 4104 F.
529 4047 569 4102 dii
588 4049 677 4120 meilis
693 4050 758 4118 (fuit
777 4051 874 4116 meob,
893 4056 924 4103 ut
942 4051 1008 4118 vid.)
1029 4047 1058 4104 J.
1087 4066 1132 4103 me
1152 4049 1181 4103 di
1200 4049 1226 4102 B

152 4136 215 4186 ante
234 4130 266 4182 at
284 4134 320 4183 10
342 4128 398 4194 fere
421 4128 473 4183 lut.
496 4136 567 4197 spur.
591 4134 629 4183 est
652 4130 684 4182 in
709 4129 818 4198 BVE,
843 4134 879 4184 18
902 4131 952 4184 zur.
976 4132 1008 4184 in
1026 4129 1062 4185 J:
1085 4131 1134 4185 ubi
1156 4130 1225 4184 Lnri
1253 4146 1305 4185 scr.

153 4211 193 4266 B'
211 4210 248 4285 (Ἴ
358 4213 418 4263 674.
446 4208 518 4274 Quoi
547 4208 720 4265 Camerarius
747 4228 807 4266 cum
836 4212 891 4266 eod.
918 4211 1007 4278 Lanp.
1037 4209 1097 4276 Quo
1126 4211 1192 4264 libri

154 4287 439 4362 676666Γι16ί7Ε.
473 4289 585 4357 Quesmi
602 4290 659 4345 Jn'
763 4290 848 4359 dixit,
867 4293 880 4344 t
896 4292 928 4344 iu
946 4307 1001 4345 ras.
1020 4289 1060 4343 B’
1163 4289 1297 4344 melenidi

154 4369 242 4424 ΒΥ]
247 4368 279 4424 F
294 4375 328 4435 et,
346 4385 380 4424 ee
397 4367 530 4439 molendi,
542 4369 573 4422 E
661 4376 722 4426 676.
742 4371 869 4427 elocutus
884 4371 924 4425 elt
938 4372 1004 4426 ΒΖ.
1026 4371 1138 4426 elocutu
1157 4370 1197 4425 est
1214 4370 1299 4426 VEJ

156 4450 311 4523 teloquutd)
330 4448 372 4505 F:
390 4466 459 4507 eurr.
480 4451 600 4523 Pylades
672 4448 777 4522 oppido
798 4451 930 4524 Pylades:
949 4466 999 4506 om.
1019 4451 1085 4508 libri
1103 4452 1138 4523 (*)
