2940 5062
173 339 249 393 Xllll
651 337 853 393 PRAEFATIO

173 505 269 569 sitata
287 500 515 586 lraurimus*)?
547 502 631 566 Nam
651 503 681 567 id
703 525 862 568 summum
882 505 932 567 est·
955 503 988 567 in
1012 502 1077 568 hac
1102 503 1335 588 disputatione

173 634 244 675 mea
272 648 307 656 —
335 635 432 695 quam
460 610 554 675 facile
582 632 700 694 augere
728 612 820 692 potui
851 610 925 675 aliis
955 610 1117 693 exemplis
1151 647 1216 693 —,
1250 610 1332 696 quod

172 740 237 782 uon
270 719 400 803 singula
430 718 571 783 Vahleui
602 721 786 781 commenta
816 718 1011 781 damnantur
1038 718 1088 781 eis
1118 740 1211 802 qnae
1235 718 1331 782 attuli

177 861 214 870 -
241 823 273 888 id
298 825 381 909 quod
402 847 466 888 uon
488 825 593 888 minus
615 824 685 888 aliis
706 823 831 908 accidit,
855 845 925 888 cum
952 823 1083 909 singula
1108 823 1216 888 etiam
1240 823 1328 889 illius

174 932 305 1014 probari
329 931 457 1016 possint
480 954 517 995 ac
538 931 706 1013 probanda
726 931 800 1012 sint,
824 932 917 1014 siqua
941 930 1146 1016 diligentius,
1172 935 1212 994 ut
1236 933 1326 1013 solet,

174 1037 394 1100 observaverit
422 1038 637 1121 subtiliusque
668 1076 720 1121 -,
749 1038 804 1102 sed
833 1039 904 1121 ipsa
933 1039 999 1102 eius
1028 1039 1115 1101 ratio
1149 1038 1326 1103 damnatur

173 1144 408 1227 superstitiosa.
454 1145 650 1209 Liberiorem
676 1167 751 1210 vero
775 1145 935 1209 rationem
958 1144 1162 1229 eandemque
1187 1147 1322 1211 severio

172 1271 238 1313 rem
263 1250 420 1314 lubricam
445 1273 574 1316 esseae
599 1275 654 1335 per
684 1254 802 1316 multos
827 1252 953 1316 demum
978 1251 1108 1316 labores
1132 1257 1173 1317 et‘
1193 1257 1321 1318 conten·

172 1360 278 1423 tioues
299 1360 417 1423 sensim
443 1359 626 1442 sensimque
651 1359 784 1443 propius
808 1358 845 1422 ad
870 1359 1039 1422 veritatem
1064 1359 1200 1442 perduci
1224 1381 1318 1444 posse

171 1466 258 1531 haud
287 1467 483 1552 ignoramus.
535 1464 647 1550 Neque
680 1469 791 1530 tamen
819 1472 869 1530 est
896 1466 982 1550 quod
1011 1464 1185 1531 Vahlenus
1215 1465 1316 1532 rideat

173 1573 414 1657 ‘usquequaque
433 1594 490 1656 per
509 1595 587 1637 arva
606 1573 716 1637 critica
735 1578 837 1652 testas
859 1572 1035 1637 fractarum
1058 1573 1313 1638 coniecturarum

175 1702 306 1764 sparsas
325 1678 454 1743 iacere’:
478 1702 555 1743 nam
575 1701 652 1762 prae
670 1679 721 1742 his
741 1679 834 1742 testis
855 1678 962 1742 videre
985 1700 1052 1742 nou
1076 1679 1209 1745 videtur
1231 1702 1314 1745 mou·

171 1792 220 1851 tes
245 1786 407 1870 silvasque
432 1786 679 1869 explicationum
705 1786 962 1868 artificiosarum,
986 1785 1201 1872 vindiciarum
1223 1787 1313 1853 inuti·

171 1893 261 1970 lium,
280 1890 500 1957 defensionum
521 1894 674 1957 inanium.
722 1892 863 1968 Quarum
882 1892 1044 1976 ingentem
1063 1894 1228 1958 tumulum
1247 1895 1311 1978 ipse

173 1999 323 2080 exstruit,
357 2000 416 2064 sub
445 2022 508 2083 quo
532 2000 609 2063 olim
640 2000 824 2083 sepelietur,
852 2005 888 2062 ut
917 2021 977 2063 nos
1000 1999 1027 2063 si
1052 2000 1101 2063 dis
1124 2001 1234 2084 placet
1256 2001 1310 2066 sub

171 2106 266 2171 testis
285 2105 360 2171 illis.
407 2105 452 2169 At
469 2105 608 2170 infracta
627 2106 773 2169 manebit
792 2105 840 2169 vis
859 2105 1004 2189 rationis
1028 2128 1124 2189 quarn
1146 2130 1206 2193 pro
1229 2108 1308 2173 virili

169 2220 262 2298 parte
287 2233 542 2298 propugnamus,
570 2216 603 2276 et
626 2212 852 2296 profligabitur
880 2212 1041 2277 nesciendi
1072 2235 1137 2280 non
1165 2239 1231 2301 ars,
1258 2215 1306 2280 sed

169 2320 296 2383 inertia.

257 2424 361 2491 Probe
391 2426 457 2490 scio
493 2430 627 2511 propter
655 2426 733 2490 haec
771 2425 951 2510 similiaque
990 2449 1070 2510 quae
1099 2430 1195 2495 unius
1231 2434 1304 2497 veri·

168 2533 246 2597 tatis
280 2555 378 2597 causa
410 2533 517 2596 scribo
542 2533 724 2596 Vahlenum
758 2533 865 2596 ciusve
899 2533 1056 2598 satellites
1090 2536 1304 2603 vehementius

125 2676 132 2687 ·
170 2640 267 2703 etiam
288 2640 319 2703 iu
341 2661 391 2703 me
410 2641 593 2703 invectores
611 2661 689 2724 esse,
709 2662 745 2703 ac
759 2640 898 2703 fortasse
916 2639 1082 2705 invenient
1100 2665 1166 2708 non
1186 2650 1302 2710 tantum

169 2768 251 2829 quae
283 2746 380 2810 solito
414 2767 501 2809 more
530 2746 688 2830 modoque
721 2746 904 2829 vituperent
938 2748 1092 2833 maligne,
1126 2752 1182 2839 sed
1216 2753 1301 2816 etiam

168 2873 248 2934 quae
269 2874 327 2915 suo
347 2853 414 2915 inre
434 2853 603 2935 castigent.
650 2853 719 2928 Quo
744 2875 781 2916 ex
806 2875 920 2937 genere
944 2877 1042 2919 unum
1063 2856 1127 2920 ianr
1148 2860 1301 2943 proferen-

168 2957 242 3021 dum
264 2961 313 3021 est
332 2959 427 3042 idque
447 2961 684 3043 gravissimum,
708 2961 792 3043 quod
811 2983 912 3045 nuper
930 2962 964 3025 in
981 2962 1164 3028 murum
1189 2967 1301 3031 edenda

167 3064 372 3129 commissum
397 3063 514 3150 est**).
561 3067 625 3131 Vbi
649 3069 682 3131 in
707 3071 859 3132 contextu
879 3105 918 3114 —
941 3091 1006 3134 non
1029 3071 1062 3135 in
1087 3079 1299 3157 apparatu-

165 3171 281 3255 integri
307 3171 538 3237 interciderunt
562 3196 674 3238 versus
698 3174 769 3255 duo,
794 3197 823 3237 v.
846 3175 927 3240 499:

251 3392 277 3463 ⁴¹)
298 3393 358 3459 Quo
383 3394 469 3448 etiam
493 3394 563 3447 illud
588 3391 722 3463 pertinet,
746 3392 821 3460 quod
841 3393 984 3448 Vahleuus
1009 3401 1159 3467 perpaucis
1178 3402 1246 3456 locis
1264 3420 1301 3456 ex·

166 3473 253 3542 ceptis
274 3505 305 3513 -
326 3475 373 3528 nbi
398 3473 537 3527 interdum
563 3473 666 3526 erravit
690 3475 775 3526 etiam
794 3506 828 3514 -
847 3475 963 3529 lacunas
988 3493 1043 3530 non
1068 3481 1200 3548 agnoscit
1223 3481 1302 3536 ineis

163 3553 298 3622 partibus,
319 3553 421 3622 quibus
437 3554 463 3606 A
483 3570 538 3607 non
554 3556 652 3607 exstat.
691 3552 761 3607 Miro
777 3555 863 3622 igitur
878 3572 944 3609 casu
960 3556 1004 3610 vel
1019 3560 1113 3626 potius
1133 3560 1236 3631 iusigui
1256 3565 1301 3617 for·

163 3636 247 3688 tuuac
271 3635 407 3690 beneficio
432 3633 611 3702 integriorem
636 3634 722 3687 habet
744 3635 932 3689 recensionem
952 3635 1110 3692 Palatinam
1138 3641 1175 3695 ab
1195 3643 1301 3696 Ambro-

163 3713 240 3766 siaua
261 3714 433 3780 destitutam,
455 3714 555 3767 nedum
575 3713 684 3780 utrique
705 3713 822 3767 similem
843 3715 980 3770 defectum
1001 3716 1117 3774 tribuat.

252 3793 293 3858 **)
315 3795 443 3848 Ceterum
459 3794 510 3847 boc
526 3794 619 3846 nullus
634 3794 743 3848 notavit
757 3811 901 3848 censorum
916 3797 961 3849 sat
975 3796 1051 3851 levia
1071 3817 1103 3853 cx
1124 3807 1207 3870 parte
1227 3820 1301 3858 rana-

162 3888 216 3937 qua
242 3873 449 3940 proferentium.
489 3874 557 3927 Cum
586 3874 641 3927 iam
669 3874 729 3942 ipse
754 3878 782 3928 ct
806 3874 1065 3931 animadvertissem
1090 3883 1119 3934 at
1143 3901 1205 3937 cum
1234 3884 1303 3938 socio

161 3951 424 4021 communicassem,
450 3954 570 4007 humane
594 3970 643 4020 per
667 3953 776 4008 litteras
795 3955 904 4008 monuit
922 3956 1088 4013 Redslobius
1108 3961 1193 4016 simul
1214 3983 1237 4017 r.
1258 3969 1302 4016 ttl

162 4031 263 4083 clauis
282 4050 331 4099 pro
352 4035 460 4087 clauos
479 4049 638 4101 expressum
660 4050 719 4088 esse
744 4034 878 4091 indicans.
917 4035 980 4088 Alia
999 4038 1098 4091 melius
1120 4044 1302 4111 complecten-

161 4112 207 4162 tur
226 4109 255 4163 in
274 4109 472 4166 Addendomm
492 4119 521 4166 et
540 4113 773 4182 Cor-rigaudorum
792 4115 924 4169 fasciculo
944 4121 1008 4185 post
1027 4117 1188 4174 absolutam
1209 4123 1302 4177 editio-

160 4206 223 4241 ucm
243 4191 376 4259 parando.
415 4193 446 4245 lu
465 4192 517 4246 hac
538 4191 633 4246 fabula
652 4195 763 4262 praeter
786 4195 888 4247 menda
912 4195 1048 4262 quaedam
1068 4197 1191 4254 levicula
1212 4234 1241 4240 —
1263 4218 1303 4254 ue·

161 4269 203 4321 lut
221 4277 257 4322 40
278 4290 327 4339 pro
347 4278 363 4324 4
383 4272 411 4326 in
430 4289 518 4339 marg.
538 4292 564 4342 p.
585 4280 634 4342 36,
654 4274 786 4327 accentus
813 4273 949 4341 quosdam
968 4274 1103 4344 detritos,
1133 4280 1302 4335 ainterdum

160 4367 209 4416 pro
228 4355 418 4418 [expressam
440 4384 469 4391 —
493 4354 615 4423 corrigas
644 4355 678 4408 ad
703 4372 728 4408 v.
753 4361 786 4408 57
812 4353 1037 4424 ‘Epidamnensis
1058 4358 1084 4408 Z
1093 4357 1112 4423 ’,
1139 4360 1175 4413 ad
1204 4379 1228 4412 v.
1256 4367 1303 4414 195

159 4430 283 4498 (testim.)
296 4431 555 4503 ‘[suc]ciugulum',
571 4435 605 4488 ad
617 4453 642 4489 v.
653 4442 705 4489 380
718 4436 876 4505 ‘Epidanno
892 4437 932 4492 bis
943 4435 997 4506 F’,
1013 4454 1038 4489 v.
1049 4442 1102 4493 tlt
1118 4440 1172 4496 del.
1188 4459 1304 4508 comma,
