2956 5678
174 328 238 392 192
610 324 871 419 uplnuoounrm

173 512 232 554 nee
255 490 367 554 dubito
380 489 468 575 ‚quin
498 492 824 554 commentatores
848 488 978 553 Plauti
1002 493 1060 553 aut
1082 487 1235 553 Plinius
1260 494 1321 553 aut

173 597 320 661 Probus
340 596 424 659 hunc
443 594 634 659 thesaurum
654 595 799 659 adierint.
823 594 875 659 Ex
889 593 1006 663 Festo
1023 594 1134 659 hausit
1147 593 1321 660 Pseudo·

171 703 406 787 philoxenus
430 699 484 785 (of.
508 700 576 765 lnd.
600 700 666 765 len.
690 725 717 765 a.
744 701 870 785 1885Jo
893 724 924 785 p.
942 700 1008 785 Ill,
1028 701 1255 766 Dauuarmvs
1280 696 1321 763 de

173 809 270 873 Festo
290 807 584 892 Pseudophiloxeni
607 813 738 873 auctore
762 831 792 891 p.
811 805 880 893 34),
902 809 1081 872 hauserunt
1103 807 1170 891 alii,
1189 807 1229 872 tle
1248 806 1322 892 qni-

171 916 232 979 bus
256 937 314 979 suo
338 915 410 979 loco
434 919 558 998 agetur.
706 972 708 975 .
945 972 948 977 .

260 1023 332 1101 ξῧ.
376 1021 423 1084 De
447 1020 574 1085 Pii-nio
598 1025 631 1085 et
654 1020 813 1087 Valerio
838 1022 963 1087 Probo
986 1021 1147 1105 Berytio
1172 1020 1320 1087 difficilis

173 1128 320 1212 quaestio
345 1131 403 1191 est.
445 1125 548 1201 Quem
572 1150 610 1190 ex
633 1124 913 1193 Acharistione
936 1127 1049 1192 attulit
1072 1126 1224 1192 Plinius
1250 1150 1320 1193 rer·

172 1258 244 1299 sum
258 1231 544 1319 (xlvoa=v.2)‚
563 1255 635 1297 eum
655 1232 773 1298 Fabio
793 1234 994 1299 Dossenno
1013 1233 1124 1299 deberi
1143 1232 1319 1300 Rrrscfln·

172 1358 250 1406 urvs
275 1341 508 1405 demonstrant
531 1339 660 1425 Parerg.
679 1341 779 1424 praef.
802 1364 833 1437 p.
851 1340 945 1406 XIII:
970 1339 1192 1406 Saturionis
1216 1342 1319 1406 verba

173 1469 190 1512 e
209 1447 339 1512 Verrii
363 1446 447 1511 libro
466 1447 594 1511 novisse
613 1450 730 1530 potest.
767 1448 814 1512 De
833 1448 955 1513 incerto
974 1448 1158 1533 fragmento
1178 1443 1320 1533 (XLIV)

170 1575 222 1617 res
246 1553 353 1618 dubia.
398 1553 530 1618 Praeter
557 1554 637 1618 haec
664 1554 849 1636 fragmenta
877 1576 950 1619 eum
978 1555 1076 1638 plura·
1101 1552 1255 1649 attqlisse
1283 1555 1318 1617 in

171 1661 264 1725 libris
288 1660 376 1724 dubii
400 1660 557 1724 sermonis
581 1660 677 1724 facile
700 1661 881 1725 credemus:
904 1682 963 1726 nec
986 1660 1219 1745 improbabile,
1243 1682 1319 1724 enm

167 1768 239 1852 ipsa
273 1758 471 1851 exemplaria
502 1768 689 1853 inspexisse.
734 1767 784 1831 Ex
814 1767 944 1832 Plinio
978 1773 1088 1832 autem
1117 1788 1184 1832 non
1211 1788 1318 1851 panea

149 1874 292 1938 ridetur
329 1875 505 1957 sumpsisse
542 1867 682 1958 Caper
723 1874 870 1959 idemque
907 1874 1044 1939 fortasse
1082 1874 1122 1939 de
1160 1872 1319 1938 Gellio

167 1981 417 2045 concedendum:
446 1981 501 2045 sed
524 1981 602 2045 haec
626 1982 735 2046 omnia
758 2004 821 2046 non
850 1986 918 2047 tarn
947 1981 1149 2067 argumentis
1183 1980 1317 2045 demon·

171 2088 267 2153 strari
292 2080 386 2172 quam
411 2069 595 2152 coniectura
618 2088 754 2152 divinari
777 2093 925 2172 possunt.
969 2086 1101 2152 Etenim
1125 2096 1177 2152 re's
1199 2087 1254 2153 rel
1278 2109 1318 2153 eo

168 2194 357 2278 impeditur,
381 2194 466 2278 quod
489 2195 618 2278 saepius
642 2194 773 2278 accidit,
797 2199 834 2259 ut
861 2216 943 2279 quae
967 2195 1007 2259 ed
1032 2194 1201 2260 Plinium
1225 2214 1318 2259 revo-

164 2306 238 2365 cent
262 2301 330 2384 alii,
355 2301 467 2395 eadem
496 2302 536 2366 ab
565 2302 640 2365 aliis
666 2324 682 2365 e
710 2301 836 2367 Probo
865 2305 1063 2386 repetantur.
1086 2337 1130 2348 -
1153 2298 1318 2365 Valerio

165 2407 290 2472 Probo
313 2413 425 2492 aperte
449 2430 560 2472 uuum
583 2408 807 2473 testimonium
835 2408 990 2473 tribuitur
1013 2430 1032 2472 a
1056 2406 1163 2473 Gellio
1181 2405 1230 2470 IV
1249 2408 1313 2492 ·1,1

163 2511 239 2600 (ine.
258 2512 377 2605 XLIl):
402 2515 504 2578 eidem
525 2514 691 2579 Srnvmvs
712 2514 799 2579 dedit
818 2513 936 2579 Gellii
960 2514 1117 2598 quosdam
1141 2514 1232 2579 locos
1252 2511 1318 2599 (VI

164 2621 194 2702 o,
215 2622 249 2704 73
267 2620 379 2685 XVIII
401 2623 450 2704 12,
471 2623 491 2686 3
511 2625 545 2686 et
562 2623 595 2686 4:
621 2620 659 2686 of.
678 2620 803 2686 Sruvr.
823 2621 862 2685 de
881 2620 997 2685 Probis
1017 2640 1152 2704 gramm.
1172 2640 1203 2703 p.
1221 2618 1317 2705 199):

164 2727 244 2791 item
269 2727 462 2793 Wm'ruavs
486 2728 530 2812 (p.
552 2725 607 2813 11)
637 2729 714 2792 duee
739 2727 867 2791 Kmmo
891 2725 942 2814 (G.
962 2726 997 2793 L.
1017 2724 1032 2790 l
1054 2749 1085 2811 p.
1102 2722 1163 2812 LI)
1186 2725 1317 2815 aliquot

163 2835 251 2897 locos
282 2833 486 2899 Diomedis.
533 2834 672 2898 Eosdem
701 2835 789 2898 locos
817 2833 969 2898 Bnomvs
999 2833 1040 2897 ad
1068 2831 1240 2896 Plinium
1267 2854 1318 2897 re·

164 2940 313 3005 ferendos
337 2963 407 3006 esse
431 2942 492 3005 sibi
516 2942 677 3025 persuasIt
701 2938 755 3027 (de
775 2940 905 3005 Valerio
926 2939 1033 3004 Probo
1056 2936 1193 3021 Berytio
1219 2960 1317 3023 quae·

166 3048 288 3111 stiones
311 3069 414 3112 novae
437 3071 467 3132 p.
486 3050 524 3112 17
536 3071 614 3132 sqq,
634 3044 723 3112 Stud.
743 3045 823 3110 Geli.
843 3050 875 3109 et
895 3046 978 3110 Plin.
993 3068 1023 3129 p.
1040 3045 1081 3109 14
1096 3041 1189 3130 sqq).
1232 3044 1317 3111 Mihi

165 3158 202 3219 ut
230 3153 370 3219 Sruvuu
395 3156 442 3220 ita
464 3153 589 3219 BncKu
614 3153 776 3218 sententia
806 3153 838 3216 in
869 3174 959 3216 mera
990 3151 1174 3216 coniectura
1204 3152 1318 3235 posita

164 3282 235 3325 esse
252 3261 378 3325 videtur
394 3258 448 3346 (cf.
462 3243 529 3325 ind.
544 3259 611 3325 Ien.
627 3263 706 3325 aest.
723 3259 808 3324 1893
822 3257 899 3343 p.V,
913 3256 1008 3323 ‘Berl
1023 3256 1139 3340 philol.
1149 3257 1316 3324 Wochen·

166 3367 296 3432 schrif'
320 3369 455 3434 111893
479 3391 508 3451 p.
526 3369 610 3432 1262
626 3363 698 3455 sq).
721 3403 758 3412 -
782 3364 903 3441 Quodsi
927 3364 1124 3430 ernuvs
1148 3360 1195 3450 (p.
1215 3362 1252 3451 8)
1277 3388 1317 3432 ex

167 3476 273 3540 verbis
298 3476 391 3559 ‘quae
416 3481 491 3539 sunt
514 3476 545 3537 iu
571 3475 638 3538 vita
661 3473 800 3558 Vergilii
824 3470 939 3536 Probi
963 3472 1197 3537 commentario
1220 3494 1317 3556 prae·

163 3581 280 3646 missa'
305 3581 518 3669 (sarrientem
541 3582 682 3646 astroboc
705 3579 845 3645 uehiculo
868 3580 950 3643 dicta
977 3572 1066 3656 παρὰ
1090 3573 1128 3642 τὸ
1152 3575 1199 3662 μὴ
1223 3578 1316 3663 στρέ-

162 3696 299 3772 φεσθαι,
318 3711 377 3771 qao
397 3690 485 3753 tit-alo
503 3694 531 3752 ct
548 3688 681 3752 Plautus
697 3686 839 3767 fabulum
858 3685 1017 3767 inscripsit
1034 3684 1070 3747 in
1087 3705 1150 3766 qao
1168 3686 1316 3752 mulieres

161 3798 310 3861 ciasrnodi
333 3797 480 3861 recticolis
508 3794 641 3878 inducat)
665 3815 819 3877 apparere
850 3792 928 3856 dicit
951 3791 1114 3855 Probum
1145 3791 1238 3874 ipsas
1268 3791 1316 3857 fa·

164 3904 254 3966 bulas
278 3903 466 3987 inspexisse,
481 3925 546 3967 nou
565 3902 681 3966 desunt
696 3922 776 3985 quae
792 3901 867 3964 huic
886 3899 1067 3963 sententiae
1082 3897 1316 3964 adversentur:

163 4010 299 4090 primum
316 4012 402 4074 enim
419 4013 547 4074 constat
561 4010 617 4072 illa
631 4010 731 4073 verba
746 4032 783 4072 ex
799 4008 863 4071 alio
879 4006 966 4069 fonte
983 4004 1108 4069 arliectu
1123 4025 1196 4069 esse
1214 4022 1315 4089 quam

163 4120 195 4178 et
220 4117 443 4181 antecedentia
474 4123 507 4181 et
535 4116 716 4202 sequeutia:
746 4138 783 4178 ex
811 4114 936 4177 Probo
968 4116 1076 4176 autem
1106 4110 1214 4195 petita
1243 4133 1316 4179 esse

163 4246 256 4287 nemo
290 4223 527 4288 demonstrabit
559 4221 669 4307 (01:13.
690 4220 902 4285 vamnuvs
933 4218 970 4281 de
994 4217 1037 4282 M.
1056 4217 1183 4283 Valerii
1212 4217 1315 4285 Probi

163 4329 290 4411 Berytii
305 4330 545 4394 commentariis
560 4325 769 4412 Vergiliauis.
792 4326 897 4390 Berol.
913 4323 1171 4407 1881,1nd.1en.
1186 4325 1317 4391 a.1893

163 4458 193 4519 p.
212 4434 269 4517 IV,
302 4434 854 4519 ltm'msmsrumrvsprigramm
887 4433 951 4497 und
987 4429 1140 4497 Skolion’
1158 4429 1319 4521 ·p.194).
