2956 5678
169 352 231 399 vm
641 328 848 384 nuncnunc

170 498 318 579 apparet,
342 494 398 558 scd
417 492 561 559 eiusdem
585 493 649 577 qui.
664 493 755 559 tertii
777 492 847 557 folii
869 492 1015 557 numeris
1034 516 1055 558 a
1077 493 1167 559 Maio
1188 495 1313 578 scriptis

170 600 260 686 (469.
279 600 359 685 470)
380 600 411 664 Α
428 601 572 665 litteram
591 599 713 665 addidit
731 597 839 684 (469¹.
857 600 956 664 470¹:
974 622 1052 665 num
1071 600 1160 666 forte
1179 601 1313 686 Gepper·

169 704 269 792 tusl).
316 705 484 771 Hodierno
511 706 664 771 loliorum
692 706 837 772 condicio
868 705 948 770 satis
978 704 1109 771 diversa
1137 711 1199 772 est
1243 706 1313 773 Om-

169 813 259 877 nium
282 815 390 877 autem
413 813 554 897 pessime
573 812 688 878 habita
711 815 740 877 3.
758 814 789 877 4.
809 814 837 878 8.
857 813 894 895 9,
918 834 1057 897 quorum
1081 817 1214 898 praeter
1234 836 1312 899 mar·

169 920 262 1004 gines
295 922 328 982 et
359 919 494 984 lacinias
527 920 682 1002 pauculas
711 918 793 984 nibil
824 919 892 984 fera
924 922 1090 1004 superest:
1126 919 1312 987 difficillima

40 1051 47 1067 ·
171 1025 286 1089 horum
318 1025 414 1091 lectio
446 1024 487 1111 (si
520 1026 693 1090 lectionem
723 1024 967 1112 appellaveris),
1005 1048 1108 1110 eoque
1146 1026 1309 1110 difficilior,

171 1132 256 1217 quod
271 1153 344 1196 raro
364 1132 529 1198 adbibitus
549 1137 598 1198 est
612 1133 720 1217 liquor
740 1132 911 1199 chamicus.
943 1132 1160 1218 Reliquorum
1175 1135 1307 1200 defectus

171 1239 378 1304 membranae
402 1240 469 1305 fere
492 1240 600 1304 nullus
622 1243 752 1325 praeter
774 1239 943 1304 lacunulas
966 1239 1063 1305 modo
1086 1240 1198 1325 plures
1220 1240 1304 1305 modo

169 1346 345 1429 pauciores.
395 1345 521 1411 Horum
555 1345 593 1410 de
623 1345 762 1412 lectione
791 1344 843 1410 hie
871 1345 959 1410 facili
978 1345 1038 1409 “vel
1063 1346 1220 1411 facillima
1245 1346 1303 1411 illie

172 1453 356 1518 difficiliore
382 1475 448 1518 non
476 1472 538 1537 ago
567 1451 772 1538 singillatim,
804 1474 1001 1537 quamquam
1029 1453 1143 1518 omnia
1170 1453 1299 1520 enotavi:

171 1559 271 1623 solius
294 1560 434 1646 paginae
457 1559 499 1625 83
523 1560 720 1624 mentionem
744 1559 842 1642 facio,
870 1558 1070 1644 perpellidae
1101 1560 1190 1625 illins
1212 1564 1242 1625 et
1260 1558 1296 1623 io

171 1671 387 1751 comparatae,
409 1672 446 1731 ut
469 1688 589 1752 paucae
613 1688 707 1731 voces
727 1666 778 1731 vel
803 1665 933 1731 litterae
951 1666 1084 1731 omnino
1104 1666 1218 1750 planae
1232 1665 1293 1731 sint.

170 1771 265 1836 Nolui
284 1776 393 1838 tamen
413 1778 465 1839 tot
482 1772 563 1838 locis
588 1773 720 1838 iterare:
744 1772 854 1837 ‘dubia
871 1771 989 1858 lectio',
1011 1772 1135 1839 sufficit
1153 1773 1289 1839 monuisse

171 1880 335 1946 lectorem.
391 1882 440 1946 De
473 1882 564 1947 veria
596 1881 681 1945 enim
713 1879 913 1966 singularum
949 1880 1133 1945 litterarum
1163 1879 1286 1946 lectionis

169 1987 230 2051 lide
258 2009 324 2051 non
353 2008 459 2053 meum
489 1992 539 2053 eet
568 1988 602 2052 in
631 1986 783 2052 editionis
811 1990 971 2070 apparatu
1004 2007 1115 2073 agere:
1151 1988 1224 2053 talia
1244 1984 1284 2070 qni

169 2093 367 2178 quaesiverit
389 2117 428 2159 ex
452 2095 641 2180 apographo
666 2093 943 2159 Studcmundiano
962 2116 1021 2159 sno
1045 2098 1189 2178 tempore
1208 2096 1281 2179 petat

169 2201 221 2265 Ad
257 2201 342 2265 idem
374 2201 534 2284 pertinere
570 2223 655 2266 nunc
695 2200 774 2265 mihi
811 2200 960 2265 videntur
995 2201 1124 2285 parvuli
1157 2197 1281 2266 momenti

170 2307 327 2392 quaedam
355 2330 420 2393 res,
447 2309 536 2374 velut
562 2330 713 2373 versuum
738 2307 1013 2393 longiusculorum
1038 2308 1073 2372 in
1095 2307 1187 2373 binas
1204 2305 1280 2371 lineas

169 2419 207 2478 ut
229 2414 321 2480 aiunt
344 2397 538 2499 distributio,
561 2415 691 2480 litterae
721 2413 862 2479 initiales
885 2414 1019 2499 reliquis
1038 2415 1147 2499 paullo
1165 2413 1281 2482 maiores

171 2522 352 2587 litterarum
384 2522 417 2586 iu
446 2523 532 2587 exitu
560 2544 711 2586 versuum
746 2521 797 2584 vel
829 2520 1031 2586 abbreviatio
1064 2522 1113 2586 vel
1135 2517 1280 2587 deminutio

172 2629 222 2692 vel
254 2629 434 2713 colligatio:
470 2628 505 2693 in
535 2649 573 2692 ea
603 2628 712 2692 omnia
737 2628 792 2712 qui
814 2627 1065 2712 palimpsestum
1094 2628 1281 2713 perscrutatur

170 2736 263 2799 anxie
287 2736 431 2820 inquirat
453 2756 583 2799 necesse
606 2738 669 2817 est,
692 2734 720 2799 si
743 2739 828 2799 recte
851 2734 959 2818 legere
982 2735 1046 2800 sibi
1067 2733 1236 2819 proposuit:
1257 2735 1279 2793 et

168 2843 276 2906 omnia
300 2841 406 2926 quoad
429 2842 497 2907 lieri
526 2842 634 2924 potuit
657 2840 895 2907 accuratissime
922 2841 959 2904 in
986 2863 1059 2906 meo
1089 2863 1208 2927 quoque
1225 2858 1281 2922 apo·

170 2949 295 3033 grapho
319 2949 475 3031 expressi:
511 2952 546 3012 at
573 2948 612 3012 ab
643 2947 816 3012 editionum
850 2952 1037 3014 nostrarum
1060 2947 1242 3029 rationibus,
1257 2946 1283 3006 ut

168 3053 242 3137 dixi,
264 3054 343 3117 haec
368 3054 481 3119 aliena.
518 3054 623 3120 Aliter
642 3053 721 3120 olim
735 3055 769 3119 in
786 3054 914 3139 Epidici
933 3056 1137 3141 praefatione
1150 3077 1179 3140 p.
1192 3051 1234 3119 XI
1250 3071 1283 3133 sq.

169 3181 238 3223 rem
261 3160 492 3225 instituendam
511 3163 633 3245 putavi.
667 3161 875 3226 Lectionibus
896 3162 937 3226 ab
961 3162 1035 3227 aliis
1053 3162 1122 3228 iam
1139 3155 1284 3247 publicabo

172 3289 264 3330 usum
298 3289 349 3331 mo
385 3289 455 3331 esse
488 3256 746 3333 consentancum
809 3267 949 3354 Paginas
982 3290 1017 3333 re
1054 3291 1131 3334 vera
1164 3263 1286 3332 difficiles

172 3372 371 3438 ltitsclrelius
391 3374 637 3460 Geppertusquc
661 3376 712 3439 vix
737 3368 985 3460 attigeruntsid
999 3376 1086 3459 quod
1100 3398 1166 3441 non
1178 3375 1210 3440 in
1225 3373 1288 3437 huc

171 3480 273 3544 solani
290 3480 443 3565 fabulam,
467 3481 523 3545 sed
546 3482 580 3545 in
600 3504 711 3547 omnes
731 3480 849 3546 codicis
864 3480 1036 3547 Bobiensis
1051 3482 1204 3569 reliquias
1217 3478 1290 3547 cudit

168 3584 257 3660 Quae
282 3586 466 3670 discrepant
495 3588 535 3651 ab
564 3587 712 3672 Ussingii
741 3588 774 3651 in
803 3587 925 3652 recenti
955 3587 1149 3655 Mercatoris
1173 3588 1291 3655 editione

168 3691 360 3756 lectionibus
381 3715 418 3757 ea
437 3714 509 3757 cum
528 3716 605 3759 cura
623 3695 807 3759 examinata
825 3717 876 3759 me
896 3694 1021 3759 dedisse
1040 3697 1138 3762 seito:
1161 3698 1214 3762 ille
1232 3714 1292 3760 num

169 3800 325 3863 erraverit
348 3803 417 3863 tum
441 3799 568 3864 demum
594 3800 764 3885 dubitabo,
793 3823 865 3866 cum
889 3800 1129 3869 Studemundns
1155 3804 1206 3869 vel
1227 3801 1294 3867 alius

167 3904 220 3984 qui
246 3906 383 3988 amplius
408 3928 526 3969 annum
556 3907 697 3971 codicem
727 3909 881 3973 tractavit
907 3904 1127 3993 Ussingianas
1161 3910 1296 3974 lectiones

166 4009 373 4090 praetulerit.

252 4114 429 4183 Codicem
471 4125 638 4186 veterem
679 4123 796 4187 iterum
839 4122 976 4188 contulit
1017 4122 1134 4209 Hugo
1173 4122 1297 4201 Hinclr,

163 4223 218 4306 qui
242 4224 392 4308 quioquid
416 4224 633 4291 Ritscheliunr
662 4251 727 4293 non
757 4234 843 4296 recte
871 4229 1045 4294 adnotasse
1071 4230 1157 4296 vidit
1184 4232 1297 4313 inipso

162 4327 333 4395 Ritschelii
363 4333 538 4418 exemplari
568 4335 713 4399 correxit.
762 4334 938 4401 Codicem
961 4334 1224 4404 Decurtatum
1244 4337 1298 4420 ipa

161 4453 233 4497 cum
270 4436 439 4502 Ritschelii
478 4440 652 4527 exemplari
691 4443 824 4507 contuli.
883 4440 1142 4509 Ursinianum
1181 4444 1298 4531 diliger·
