2940 5062
241 350 265 404 X
707 347 915 402 PRAEFATIO

240 512 445 596 potissimum
474 512 586 576 fabula
616 511 772 596 pristinae
803 521 840 574 ΕΙ
870 533 929 595 pro
953 522 965 573 Ι
989 512 1169 594 scripturae
1198 534 1264 577 non
1297 514 1332 578 in
1356 515 1390 578 A

239 623 368 685 tantum
399 618 454 683 sed
482 619 517 682 in
543 618 604 682 Ba
631 639 759 702 quoque
787 617 981 701 frequentia:
1014 639 1089 682 nam
1116 640 1247 683 rasuras
1275 623 1310 684 et
1338 643 1390 685 ra·

241 727 345 792 dendo
370 729 460 790 ortas
483 727 614 789 lacunas
634 725 668 788 in
685 722 905 788 Menaechmis
928 745 1054 807 quoque
1077 726 1197 790 multas
1215 726 1250 790 B
1274 726 1388 808 habet,

239 833 271 898 in
306 854 442 917 quarum
476 836 604 916 partem
636 831 721 895 idem
761 830 849 895 cadit
880 830 965 914 quod
998 831 1097 915 praef.
1131 832 1249 896 Bacch.
1282 856 1314 917 p.
1346 842 1386 896 IX

240 942 285 1024 [p.
308 949 360 1003 VII
383 939 431 1003 ed.
454 937 524 1017 alt]
548 934 700 1001 narravi?

329 1044 480 1110 Ceterum
504 1043 645 1107 codicem
668 1042 702 1106 B
725 1042 829 1108 denuo
852 1044 995 1108 excussit
1016 1042 1185 1128 Hinclrius,
1208 1041 1272 1111 OD
1296 1045 1385 1110 codi-

241 1174 293 1217 ces
318 1148 666 1235 Heidelbergensem*)
695 1155 727 1213 et
749 1149 961 1214 Vrsinianum
989 1150 1037 1235 (in
1061 1172 1124 1234 quo
1147 1152 1287 1237 legendo
1311 1175 1385 1238 ope·

241 1282 310 1323 ram
345 1281 436 1323 suam
468 1256 649 1321 Ritschelio
679 1256 888 1339 praestiterat
917 1256 1076 1322 Henricus
1105 1256 1287 1343 Brunnius)
1318 1260 1389 1344 ipse

218 1364 359 1428 'iterum
383 1365 523 1430 versavi:
551 1363 589 1427 de
612 1363 648 1426 F
648 1363 679 1426 Z
698 1362 860 1446 Lipsiensi
884 1363 994 1427 codice
1017 1367 1050 1427 et
1077 1363 1223 1448 principe
1246 1364 1389 1430 editione

242 1472 344 1557 deque
370 1472 500 1555 Pyladis
525 1470 574 1534 Pii
602 1470 740 1534 aliorum
771 1469 936 1534 codicibus
959 1470 1129 1534 Ritschelii
1162 1472 1391 1538 adnotationes

243 1579 383 1643 intactas
402 1574 584 1662 reliqui**).
629 1576 678 1640 De
697 1581 727 1634 Ἐ
746 1579 778 1639 et
797 1580 829 1637 Ε
849 1576 1009 1640 editorum
1027 1577 1115 1640 notis
1138 1598 1204 1642 non
1228 1583 1281 1642 est
1304 1578 1390 1664 quod

243 1705 406 1768 moneam,
434 1706 538 1769 neque
566 1680 615 1768 (*)
646 1683 775 1767 signum
803 1683 957 1748 lectorem
986 1682 1135 1767 delegare
1164 1684 1205 1748 ad
1235 1685 1390 1768 appendi·

241 1813 318 1855 cem.
365 1789 415 1854 Ex
444 1789 615 1854 Ritschelii
645 1789 847 1873 praefatione
877 1787 990 1876 (quam
1022 1791 1152 1874 scripsit
1182 1792 1319 1857 Bonnae
1348 1815 1389 1856 m.

242 1897 329 1982 Sept.
355 1920 382 1961 a.
405 1893 595 1983 Maccus)
620 1896 700 1960 haec
724 1918 852 1980 quoque
876 1902 1035 1979 repetam:

329 2004 380 2069 ‘In
399 2002 611 2089 perpolienda
629 2003 742 2067 fabula
759 2024 832 2067 cum
856 2003 896 2066 ad
916 2006 1023 2068 actum
1048 2006 1198 2087 quintum
1222 2007 1387 2090 pervenis·

241 2133 320 2195 sem,
344 2111 584 2175 emendationes
608 2110 718 2194 accepi
740 2108 1002 2192 Fleckeiseni,
1031 2133 1051 2174 a
1074 2133 1136 2194 quo
1160 2113 1321 2195 petieram
1344 2119 1389 2195 ut,

241 2219 267 2283 si
292 2218 370 2303 quid
395 2215 446 2304 (ut
469 2215 567 2302 solet)
591 2217 813 2300 haberetque
836 2239 941 2281 meam
971 2240 1103 2301 operam
1127 2219 1327 2303 sublevaret,
1356 2220 1388 2285 id

240 2347 365 2390 mecum
398 2326 500 2389 amice
532 2323 793 2388 communicaret.
839 2322 962 2397 Quibus
994 2325 1043 2388 ita
1071 2347 1150 2390 usus
1181 2348 1255 2390 sum
1283 2332 1324 2392 ut
1353 2329 1386 2392 in

240 2432 351 2495 labore
375 2452 433 2514 pro
457 2430 544 2495 virili
572 2435 665 2514 parte
699 2430 881 2514 peragendo
905 2451 1073 2515 pergerem
1101 2435 1135 2495 et
1158 2432 1313 2498 absoluta
1336 2434 1386 2499 de-

241 2560 330 2602 mum
354 2538 467 2602 fabula
487 2537 574 2601 illius
594 2539 661 2601 sive
680 2542 880 2601 correcturas
904 2537 973 2602 sive
995 2538 1197 2604 coniecturas
1221 2545 1281 2605 aut
1296 2540 1387 2607 Plau·

241 2645 320 2708 tinis
349 2644 455 2708 verbis
484 2644 671 2707 adhiberem
702 2647 760 2706 aut
788 2644 821 2707 in
852 2644 1064 2708 annotatione
1087 2666 1386 2712 commemorarem.

241 2751 312 2826 Quo
337 2751 460 2815 factum
480 2754 586 2815 estut
608 2750 641 2814 in
661 2749 722 2814 hac
741 2751 839 2815 toties
863 2751 993 2835 legatur
1007 2750 1046 2829 R,
1068 2753 1142 2816 irem
1154 2752 1385 2818 fleckeiseaas:

241 3010 311 3066 Huic
329 3030 396 3068 vero
415 3015 525 3069 accedit
543 3012 721 3068 Ambrosiam
739 3014 905 3082 auctoritas,
932 3014 978 3082 qui
1002 3019 1031 3069 ct
1049 3012 1313 3072 manaae—amr
1333 3018 1385 3073 sin·

241 3094 314 3161 gulis
333 3095 443 3164 paginis
462 3094 627 3162 inscriptum
646 3095 733 3148 habet
751 3094 817 3162 (nisi
834 3094 910 3162 quod
929 3095 972 3148 bis
992 3096 1097 3150 erravit
1114 3095 1247 3153 librarius
1265 3117 1293 3168 p.
1307 3099 1385 3153 mab

238 3169 357 3242 manac,
377 3194 403 3243 p.
424 3180 476 3229 430
495 3173 617 3242 mamers,
636 3176 668 3228 ut
686 3174 757 3241 vid,
778 3173 922 3244 exhibens)
942 3176 971 3228 et
990 3175 1102 3244 saepius
1120 3175 1150 3229 in
1169 3177 1234 3246 ipso
1252 3181 1385 3233 contextu

241 3254 490 3322 verumtamem,
519 3271 656 3323 nusquam
680 3255 814 3322 alteram,
840 3252 979 3322 perhibet.
1017 3254 1107 3308 Ceteri
1132 3254 1245 3311 codices
1264 3258 1385 3313 Plautini

244 3350 306 3387 curn
327 3334 356 3387 et
374 3333 427 3403 ipsi
447 3352 497 3404 per
514 3353 543 3389 se
561 3334 591 3388 in
606 3333 744 3389 eiusmodi
763 3332 927 3403 quaestione
944 3333 1061 3388 minoris
1079 3335 1216 3389 momenti
1234 3335 1303 3405 sint,
1321 3337 1385 3393 item

242 3414 299 3467 ‘ae’
321 3415 434 3468 firmant
453 3414 572 3482 saepius.
610 3414 709 3483 Neque
723 3419 799 3468 recte
820 3413 1027 3468 ‘Menechimis’
1049 3415 1217 3483 scripturam
1235 3416 1387 3473 Muellerus

241 3512 274 3548 cx
295 3494 492 3549 ‘Meneohiuis’
519 3493 665 3548 derivavit.
704 3495 758 3548 llla
781 3493 857 3547 enim
880 3493 991 3563 saepius
1015 3492 1100 3548 ctiam
1124 3493 1153 3548 iu
1177 3494 1385 3564 antiquioribus

241 3573 386 3628 codicibus
413 3571 555 3627 invenitur
580 3573 670 3642 (velut
690 3573 912 3629 ‘Menaechimis’
935 3572 1042 3627 Keilius
1072 3575 1146 3643 apud
1171 3573 1329 3632 Varronem
1352 3577 1385 3629 de

238 3673 259 3708 r.
279 3672 299 3708 r.
319 3653 346 3705 ll
369 3654 406 3706 ad
425 3651 613 3720 antiquiorem
638 3654 723 3708 refert
747 3654 958 3724 archetypum),
984 3655 1057 3708 hanc
1075 3653 1141 3707 Itali
1166 3655 1337 3713 invexerunt
1353 3674 1384 3712 ex

240 3732 434 3802 ‘Meneghino'
451 3731 668 3787 Mediolanensis
688 3732 875 3788 similitudine
895 3735 940 3802 (cf.
955 3734 1187 3804 Burclrhardtius‚
1208 3737 1323 3793 ‘Guttae
1339 3739 1385 3794 der

241 3812 439 3867 chaisscncc’
464 3811 502 3865 11⁴
526 3831 552 3881 p.
574 3819 609 3866 40
630 3813 713 3883 adn).
752 3812 881 3868 Ceterum
902 3814 1106 3868 ‘Merrechinus’
1128 3815 1305 3873 formarum
1324 3836 1384 3873 con·

238 3895 315 3945 stans
334 3891 419 3946 sitin
439 3891 600 3948 recensione
620 3893 705 3960 Itala,
726 3894 845 3947 fortasse
863 3895 960 3948 nostro
983 3893 1043 3949 iure
1068 3893 1263 3952 concludimus
1281 3900 1318 3952 ab
1336 3898 1384 3951 illa

240 3985 295 4021 non
314 3968 436 4024 alienum
461 3989 520 4026 esse
544 3972 665 4039 aliquem
690 3972 831 4028 hominem
858 3972 970 4026 doctum
991 3973 1151 4029 Mediolano
1171 3975 1322 4032 oriundum
1340 3978 1382 4031 vel

239 4047 390 4102 Mediolani
404 4051 560 4119 degentem.
598 4050 636 4104 cf.
654 4051 791 4121 Voigfius,
808 4052 983 4108 ‘Wiederbet
1000 4055 1026 4109 d.
1042 4056 1075 4109 cl.
1090 4056 1160 4109 Alc?
1176 4056 1217 4108 11²
1230 4076 1258 4127 p.
1280 4064 1332 4112 890
1342 4075 1381 4125 sq.

327 4128 353 4198 *)
372 4129 413 4182 lix
434 4130 457 4184 0
473 4129 612 4183 interdum
632 4148 650 4184 a
668 4148 702 4183 ex
721 4148 736 4185 c
755 4135 912 4186 correctum
933 4133 1119 4189 adnotaverat
1136 4134 1318 4207 Ritschclius,
1336 4136 1381 4191 ubi

238 4209 272 4262 de
292 4209 382 4262 forma
401 4208 513 4263 litterae
532 4227 550 4261 c
568 4208 663 4277 agitur
683 4212 793 4280 saepius
812 4215 954 4281 usurpata,
974 4232 1028 4268 non
1048 4215 1082 4269 de
1101 4219 1269 4274 correctura

328 4290 369 4357 **)
390 4289 520 4358 Singulas
539 4287 677 4343 editiones
696 4291 1003 4361 commentationesque
1022 4297 1079 4349 iam
1098 4294 1287 4352 aRitschelio
1306 4298 1379 4352 adhi-

239 4365 311 4418 bitas
339 4368 393 4420 etsi
420 4386 474 4421 uon
498 4372 633 4436 perpetuo
660 4373 775 4439 contuli,
794 4374 889 4428 tamen
908 4374 956 4426 ubi
977 4393 1018 4429 res
1038 4377 1170 4430 monebat
1187 4377 1299 4448 inspexi
1317 4396 1378 4432 non·

238 4446 317 4497 nulla
335 4447 441 4500 addens
460 4449 503 4501 vcl
524 4446 673 4516 corrigens.
