2956 5678
163 310 227 374 158
641 305 828 364 ΔΡΡΕΝΒΙΧ
1169 313 1304 362 ecs-en

162 471 422 526 mencientes.
440 489 470 541 p.
486 471 575 539 1211).
611 468 658 524 iac
676 471 786 523 tenens:
805 467 900 522 aluam
919 466 987 533 edis,
1005 483 1108 522 canem
1127 471 1162 534 (l)
1184 467 1303 522 Gerteim

162 553 239 620 apud
263 551 421 621 Vesimpium
439 551 540 619 (Dictis
558 549 584 604 si
602 551 745 604 abstineas
763 546 912 612 eiusmodi,
939 564 962 603 c.
987 547 1134 616 Vceinpe'us
1152 548 1251 614 olimt).
1268 547 1302 600 fa

163 647 271 699 cessae,
291 632 388 686 datam
407 631 484 698 edis,
508 647 530 686 c.
556 630 612 684 Lea
630 629 749 683 Hermae
768 626 887 680 XVIII
902 645 932 697 p.
952 632 1007 682 576
1032 627 1105 696 (edis
1124 627 1224 682 dotum
1240 645 1301 682 cam·

162 728 313 767 memorans
332 719 356 767 et
373 717 436 781 past
453 712 528 765 malo
547 711 777 778 proclamemus
794 714 858 763 ante
876 725 931 762 non
950 709 1142 776 distinpuemc).
1180 707 1300 773 famosae,

162 791 259 845 datum
278 793 345 860 edic,
365 791 388 846 si
408 809 431 846 c.
453 791 557 845 Onians
574 808 602 859 p.
622 794 658 844 58
667 807 705 859 sq.
720 795 783 858 post
801 805 826 842 o.
845 791 903 843 249
926 788 1057 842 lacunam
1074 793 1201 842 eminens
1218 790 1248 856 (e.
1264 804 1299 856 p:

163 869 235 927 Mos,
256 872 329 927 Tute
347 873 413 926 hinc
432 872 546 925 domum
563 870 700 936 facessas,
719 870 742 923 ei
762 886 785 924 c.
804 871 852 934 ιιι.)
871 871 930 922 eine
947 870 1007 922 ulla
1026 870 1144 923 ratione
1181 867 1249 922 Cum
1264 867 1297 921 ia

162 966 269 1018 cessae,
299 954 330 1005 in
358 969 410 1023 quo
434 952 605 1006 consentiunt
630 951 752 1019 plerique
774 949 893 1017 (inducti
916 950 1052 1002 locutione
1074 947 1155 1002 hinc
1172 948 1296 1002 moenere

157 1045 275 1098 prorsus
293 1031 374 1084 aliter
392 1033 577 1099 comparata),
596 1036 658 1098 apte
675 1029 785 1095 defendi
803 1033 927 1097 nequeat,
945 1027 1004 1082 edis
1019 1029 1051 1082 in
1064 1043 1119 1097 quo
1137 1029 1294 1083 menen

162 1111 228 1163 libri
249 1111 365 1179 explices
391 1127 423 1163 ea
448 1110 547 1178 Amph.
577 1113 646 1177 309,
672 1109 733 1162 I'er.
755 1109 865 1162 Plorm.
884 1111 948 1162 318.
985 1108 1087 1161 Deoia
1110 1124 1210 1162 caueae
1227 1108 1291 1176 capit

161 1189 344 1244 Neumonnns
362 1191 394 1244 de
420 1206 533 1258 compos.
558 1208 575 1243 a
598 1198 666 1248 ons)
689 1189 774 1255 incip.
798 1188 848 1254 (ed.
869 1188 955 1241 Ienae
972 1205 997 1242 a.
1018 1188 1121 1255 1885),
1145 1187 1215 1257 qnod
1234 1201 1290 1240 esne

162 1267 200 1322 sis
218 1285 273 1322 esee
291 1270 384 1323 dedere
403 1271 508 1323 monuit
527 1269 681 1339 Seyffertus.

251 1354 304 1402 260
312 1366 351 1418 sq.
376 1350 446 1403 Hem
466 1354 529 1418 post
552 1350 621 1402 elios
645 1349 697 1411 des.
722 1347 871 1415 Lanpenus
890 1346 1001 1402 ‘Bene’
1019 1364 1050 1415 p.
1068 1350 1133 1401 264.
1170 1347 1218 1401 Em
1234 1346 1286 1398 illoc

162 1430 194 1481 e'n
208 1430 333 1496 proximi
355 1446 379 1483 o.
402 1430 484 1482 initia
507 1445 557 1483 scr.
582 1428 700 1481 Briseius
724 1428 768 1495 (cf.
790 1443 884 1496 propr.
909 1446 934 1482 a.
960 1431 1033 1482 1854
1055 1444 1084 1496 p.
1104 1432 1140 1482 15
1148 1429 1196 1496 eq.)
1212 1442 1283 1481 auen·

163 1510 244 1563 tierete
263 1508 411 1563 Ribbeckio
429 1509 461 1563 de
475 1509 577 1577 partie.
592 1525 622 1576 p.
642 1511 678 1561 30
704 1506 904 1576 Wapneroqae,
927 1508 976 1562 ubi
995 1510 1070 1562 cutm
1088 1524 1145 1562 non
1161 1506 1281 1562 aenaea

162 1594 200 1643 tes
214 1589 300 1644 uerbo
309 1589 366 1643 iam
381 1584 410 1638 'R
419 1590 450 1643 in
460 1590 511 1654 ed,
530 1587 616 1641 uerbo
628 1591 706 1641 tuum
722 1586 922 1655 Fleckeisenus,
940 1603 974 1642 ex
984 1588 1038 1656 (ael
1051 1588 1098 1657 de)
1116 1588 1197 1642 uerbo
1210 1585 1279 1639 liud

162 1670 235 1724 teras
254 1670 332 1724 Pras.
347 1686 378 1737 p.
397 1673 466 1735 487,
484 1667 591 1721 uerbod
610 1668 639 1721 a
657 1666 727 1721 Nou.
747 1684 802 1721 ecc.
822 1668 867 1721 Pl.
876 1685 904 1736 p.
917 1672 967 1722 74.-
989 1669 1024 1734 σί.
1045 1669 1178 1722 Inclusa
1193 1667 1222 1720 de
1233 1680 1277 1732 pen

161 1767 189 1818 p.
210 1754 257 1816 52,
277 1749 372 1814 uerbo,
392 1765 446 1815 erc,
467 1747 507 1802 Β,

253 1834 352 1897 258811.
371 1827 444 1882 Nam
463 1828 505 1881 ita
524 1832 568 1882 est
586 1829 655 1882 haee
674 1826 818 1880 hominum
836 1827 914 1881 natio
933 1826 980 1882 hic
994 1825 1161 1896 Epidamnii}
1177 1825 1273 1880 &aere-

161 1911 223 1963 rius
244 1909 327 1976 ‘quod
345 1908 444 1974 fraudi
466 1909 522 1974 suit
542 1906 718 1962 Fleeles'seno
743 1906 846 1962 Pleilol.
867 1907 909 1960 II
924 1924 955 1975 p.
974 1909 1033 1961 81’.
1069 1906 1142 1961 Nam
1157 1906 1195 1960 ite
1208 1904 1274 1957 ima

164 1989 308 2044 hominum
327 1987 406 2043 natio
426 1989 470 2042 cst
488 1988 655 2057 Epidamnia
671 1987 789 2042 Batliius
807 1990 936 2057 itemque,
953 1989 1000 2042 sed
1020 1986 1175 2058 Epidcmini
1190 1986 1272 2052 flou

162 2086 211 2123 rus
230 2071 246 2123 l.
265 2086 286 2123 s.
305 2086 325 2124 s.
363 2068 484 2122 Hiatum
503 2067 580 2121 natio
600 2066 767 2135 Epidamnii.
785 2068 963 2134 defenderant
978 2065 1271 2137 Kampmamsuedmot

159 2166 189 2216 p.
210 2154 227 2203 3
246 2155 270 2202 et
289 2149 485 2203 Lachmannus
503 2150 534 2202 in
553 2147 638 2202 Lacr.
665 2146 709 2199 VI
727 2151 781 2202 734
795 2164 826 2216 p.
841 2151 908 2203 388.
933 2147 1025 2202 natio:
1045 2145 1101 2216 ipsi
1114 2141 1269 2216 Epidmnieie

163 2229 286 2296 (nomin.)
312 2228 449 2283 Vallenses
469 2229 545 2282 Mus.
565 2227 652 2281 Rieu.
672 2226 806 2280 XXVII
817 2244 845 2295 p.
860 2231 926 2294 176,
945 2228 994 2281 udi
1012 2227 1067 2296 ipsi
1086 2243 1166 2297 nepa
1179 2228 1201 2279 Δ
1215 2222 1271 2290 mpii

163 2325 248 2376 neque
266 2311 401 2363 sententia
419 2313 571 2376 (comparat
589 2324 614 2360 o.
633 2312 701 2373 100,
725 2307 775 2359 ubi
793 2308 921 2361 dominae
939 2324 1021 2362 cenae
1038 2303 1269 2376 appositissimis

163 2389 230 2456 tim).
269 2388 345 2443 natio
365 2404 435 2456 ‘luae
456 2385 606 2457 Epidamni
625 2386 711 2440 habet
736 2385 880 2457 Vesinpins
905 2387 955 2441 ‘ad
976 2387 1113 2441 sensam’!

252 2473 312 2522 266.
332 2467 377 2521 De
399 2469 453 2522 huc
476 2469 525 2521 liae
547 2484 573 2521 a.
597 2471 621 2519 et
646 2467 816 2521 antecedente
841 2467 999 2522 collocando
1017 2468 1053 2533 cs.
1072 2467 1183 2521 Baium
1198 2463 1211 2516 l.
1225 2474 1269 2514 st

160 2563 190 2615 p.
211 2552 254 2601 74.
275 2554 337 2602 170.
375 2549 445 2601 Max
472 2548 553 2602 verba
580 2545 636 2600 iam
654 2589 659 2601 .
676 2547 844 2601 ...metuis
870 2563 936 2601 casa
959 2549 1060 2602 absunt
1081 2548 1116 2602 ab
1138 2546 1174 2601 ed.
1193 2542 1269 2596 ome.

164 2628 206 2681 De
224 2627 293 2682 duas
312 2629 353 2682 uel
371 2627 433 2681 duis
451 2645 475 2682 a.
495 2632 546 2681 267
572 2628 608 2692 es.
633 2625 786 2696 Wapnerus
811 2627 851 2680 ad
868 2627 964 2681 Aulai.
990 2631 1067 2682 236:
1089 2627 1157 2682 illud
1167 2619 1270 2693 pauo

163 2708 291 2762 Brixiae.

252 2792 311 2842 268.
332 2787 450 2856 Magnus
465 2790 496 2840 tu
512 2788 661 2841 amatorii
674 2803 736 2841 aum
746 2788 857 2842 Botliio.
895 2788 937 2841 'Pu
956 2789 1066 2842 amator
1085 2777 1270 2857 magnum

163 2868 269 2919 eiscnus
286 2867 432 2934 recipiente
450 2866 561 2921 Brixia.
600 2869 642 2920 Tu
662 2869 751 2937 magia
771 2869 879 2921 amator
902 2867 1067 2920 Weiduerns
1087 2867 1189 2920 Acme.
1200 2878 1223 2930 p.
1239 2863 1270 2911 15·

165 2947 207 3000 Tu
226 2948 354 3015 magnu's
374 2948 484 2999 amator
502 2949 563 3015 (om.
585 2963 614 3001 es
629 2955 693 3018 post
711 2947 870 3014 mulierum)
889 2947 1026 3015 Berplins
1047 2946 1141 3015 Opusc.
1158 2943 1176 2996 I
1185 2959 1209 3011 p.
1224 2940 1271 2999 678,

166 3028 213 3093 qui
231 3025 324 3079 debuit
347 3026 441 3077 saltem
467 3031 492 3079 et
517 3027 633 3091 sortasse
657 3030 744 3082 voluit
761 3026 890 3096 Maguda
913 3027 1031 3080 amator.
1069 3026 1112 3080 De
1128 3024 1166 3078 'l'u
1181 3032 1271 3088 mmm

166 3103 298 3158 moechus
317 3104 387 3172 (call.
407 3105 472 3158 Mil.
493 3107 558 3175 775)
577 3108 619 3160 vel
636 3107 750 3162 molitor
769 3108 837 3171 (coll.
857 3106 962 3161 Autan.
981 3108 1066 3175 epipr.
1089 3104 1141 3160 XO
1156 3108 1181 3171 3)
1196 3099 1271 3169 wall·

164 3200 254 3237 aeram
273 3191 336 3237 ante
354 3186 491 3253 capniturn
509 3187 544 3238 A.
575 3186 642 3240 Nan
667 3189 821 3256 displiceret
839 3188 880 3239 Tu
905 3203 1024 3254 magnus
1043 3186 1140 3240 meilen
1157 3181 1273 3236 mulierum

164 3265 398 3332 coll.o.1‹t3sqq.‚
419 3263 530 3319 Trucul.
542 3269 609 3333 230,
630 3267 717 3320 Persa
726 3271 783 3322 232
792 3284 840 3337 ες,
859 3268 895 3322 al.
933 3269 981 3321 Ad
999 3267 1083 3321 tritor
1101 3267 1135 3331 cf.
1146 3265 1210 3319 Pers.
1225 3262 1273 3313 420·

166 3348 220 3398 795
238 3361 298 3398 cum
310 3344 386 3412 Oapt.
398 3349 462 3399 888.
489 3346 592 3400 Vitium
604 3349 656 3414 des.
672 3349 809 3403 Vacemus
819 3347 913 3400 Herm.
928 3347 1029 3400 XVII
1042 3365 1072 3416 p.
1085 3351 1151 3401 604:
1167 3344 1198 3409 ci.
1207 3338 1275 3411 pilli·

254 3430 313 3479 209.
334 3425 419 3477 animi
448 3426 548 3493 perciti
574 3428 689 3496 Lipsius
717 3431 783 3482 Ant.
809 3429 865 3480 lect.
890 3428 928 3480 II
952 3432 988 3480 13
1009 3429 1143 3495 probante
1163 3439 1216 3478 cum
1231 3419 1278 3473 uiis

165 3505 267 3559 Briuio
286 3506 345 3573 (qui
363 3506 396 3558 de
415 3506 442 3558 B
460 3511 614 3560 erratorem
634 3508 777 3575 Grutero):
795 3508 911 3574 fortasse
928 3513 1016 3573 recte,
1033 3508 1084 3560 etsi
1102 3503 1185 3559 animi
1200 3496 1280 3572 perciti

165 3587 275 3652 defendi
296 3587 397 3654 poterit
424 3587 482 3639 coll.
509 3587 633 3640 animum
659 3587 808 3655 despondit
831 3605 855 3641 o.
879 3592 915 3641 35
935 3589 1050 3655 aliisque
1073 3588 1151 3641 laces:
1172 3601 1202 3639 ac
1216 3581 1280 3636 eum

164 3668 278 3732 sanlius
303 3667 388 3720 irasci
410 3668 458 3734 qui
484 3669 607 3721 animum
634 3669 835 3736 desponderunt
862 3670 904 3735 (at
927 3669 1015 3736 Hepio
1037 3670 1068 3720 in
1087 3667 1223 3736 Captivis).
1251 3659 1282 3713 Dt

164 3764 187 3801 a.
208 3754 259 3800 270
279 3748 313 3813 cs.
335 3747 484 3800 Muellerus
502 3749 577 3801 Aren.
594 3749 663 3817 pleii.
685 3747 760 3801 XCI
775 3765 803 3816 p.
819 3752 882 3802 560.

254 3833 314 3880 271.
334 3826 375 3881 Tu
393 3844 428 3881 ne
448 3825 490 3881 'In
509 3828 543 3894 cf.
565 3827 708 3881 Setererus
726 3829 759 3882 de
778 3838 894 3884 QVANDO
908 3827 1010 3895 partic.
1027 3844 1057 3894 p.
1079 3830 1127 3894 32,
1151 3820 1285 3892 Knemis

165 3907 197 3958 de
213 3923 293 3972 pron.
309 3924 338 3975 p.
359 3913 401 3961 41.

254 3991 313 4039 273.
334 3987 473 4041 sententia
492 3987 599 4042 Bonum
619 3989 798 4044 corestrueudo
824 3988 918 4042 iausait
937 3987 1082 4040 Gmteras.
1123 3985 1164 4052 Of.
1184 4003 1206 4039 e.
1226 3984 1291 4043 1019,

169 4063 278 4118 Trucrcl.
298 4071 368 4133 964,
388 4068 425 4122 al.

254 4151 313 4198 276.
335 4146 454 4201 uidcon?
480 4164 515 4201 au
534 4151 615 4217 tergo
634 4149 794 4202 Acidaliae:
817 4154 847 4202 ot
871 4148 906 4213 cs.
927 4146 1094 4200 Ribbcekius
1112 4147 1212 4215 [rapui.
1229 4140 1293 4197 cors*

188 4334 191 4341 ·
254 4312 313 4360 276.
335 4308 377 4361 De
396 4307 572 4362 inambulant
586 4313 728 4377 practerea
746 4311 883 4378 copitabat
902 4307 946 4373 st,
965 4307 1149 4361 deambulent
1169 4307 1268 4360 Οιιιοιιι
1283 4303 1296 4354 l.

164 4400 184 4435 s.
204 4403 271 4453 sp.
292 4394 341 4440 50.-
365 4394 394 4442 at
420 4394 489 4442 recle
514 4389 699 4442 obambulant
724 4396 749 4443 et
776 4392 929 4445 Muellerus
952 4390 1086 4459 praetulit
1109 4389 1187 4442 Pras.
1209 4406 1237 4456 p.
1254 4389 1297 4440 187
