2956 5678
638 807 842 862 PRAEFATIO
1278 809 1316 863 lx

169 996 286 1039 scenae
310 973 339 1058 l,
362 975 384 1038 3
407 974 651 1058 inscriptionem
679 973 759 1037 item
789 994 853 1036 uno
882 971 982 1035 fnisse
1005 992 1099 1035 versu
1129 973 1314 1037 conclusam

170 1082 357 1165 credideris,
379 1103 446 1145 non
469 1086 630 1165 repugnat
653 1084 739 1143 certe
762 1079 887 1163 reliqua
910 1077 1055 1143 condicio
1079 1079 1217 1163 paginae
1240 1080 1316 1143 440.

169 1187 209 1251 In
238 1211 303 1272 qua
331 1208 515 1272 quanquam
546 1183 647 1250 videri
676 1188 814 1268 possunt
841 1183 1022 1268 quindecim
1053 1187 1180 1249 tantum
1204 1206 1315 1251 versus

169 1295 284 1379 scripti
303 1316 383 1378 esse,
408 1293 462 1377 qui
487 1294 563 1356 sunt
588 1312 701 1355 scenae
720 1290 786 1372 1,2
810 1294 964 1373 quattuor
987 1290 1122 1353 extremi
1145 1312 1219 1355 cum
1241 1313 1315 1375 pro-

170 1401 278 1463 ximae
301 1400 451 1464 undecim
474 1397 603 1481 primis,
627 1417 644 1459 e
667 1396 783 1479 quibus
807 1418 889 1460 unus
916 1396 978 1460 192
1001 1418 1060 1479 per
1082 1397 1218 1460 duorum
1242 1418 1313 1480 spa-

169 1507 253 1571 tium
274 1506 438 1591 dispestus
459 1504 623 1588 apparuit:
648 1507 767 1586 tamen,
786 1502 914 1567 etiamsi
933 1502 1130 1585 reliquorum
1149 1506 1316 1588 quattuor·

169 1612 274 1679 decim
307 1614 416 1677 nullus
439 1611 612 1695 bipertitus
635 1609 748 1688 fuerit,
779 1609 861 1672 nihil
884 1608 1020 1692 impedit
1043 1611 1216 1693 quominus
1239 1615 1316 1694 post

170 1742 198 1783 v.
225 1720 379 1785 18211011
403 1740 503 1800 unus,
526 1717 583 1781 sed
606 1715 669 1780 duo
693 1716 895 1780 intercidisse
920 1718 1083 1798 putentur.
1101 1753 1144 1762 —
1163 1754 1205 1762 -
1225 1715 1315 1803 —*).

171 1825 219 1890 De
239 1847 337 1891 scena
356 1832 464 1890 autem
483 1823 540 1907 IV,
557 1826 573 1887 1
599 1823 684 1907 quod
704 1822 771 1885 dixi
789 1822 873 1885 nihil
892 1820 1017 1886 definiri
1040 1844 1144 1906 posse,
1167 1825 1200 1887 id
1225 1823 1335 1889 caus-⁸

170 1955 240 1996 sam
264 1932 349 1998 hanc
372 1934 471 1998 habet
494 1931 580 2014 quod
604 1930 654 1993 vel
679 1929 748 1993 sine
772 1929 840 1992 ulla
858 1930 1068 2012 inscriptione
1092 1952 1111 1993 a
1134 1952 1162 1994 v.
1185 1931 1249 1995 541
1275 1932 1315 1994 ad

169 2039 236 2104 560
259 2039 591 2123 hodiennmerantur
614 2036 732 2120 viginti
755 2032 937 2121 versus**):
960 2040 1005 2119 ut,
1029 2037 1057 2100 si
1082 2058 1181 2101 unum
1205 2039 1315 2101 inscri-

170 2146 274 2230 ptioni
302 2145 471 2228 tribueris,
500 2144 625 2208 duobus
655 2143 798 2207 caruisse
827 2142 1036 2207 Ambrosiani
1065 2144 1218 2228 paginam
1248 2146 1315 2208 414

169 2258 326 2337 appareat
359 2273 441 2336 quos
475 2249 636 2316 servarint
668 2241 819 2313 Palatini.
870 2248 1060 2333 Quanquam
1092 2250 1155 2315 hoc
1185 2251 1314 2333 quidem

169 2360 231 2424 soli
256 2359 345 2424 casm
365 2357 574 2423 tribuendum
594 2359 652 2439 est,
675 2378 735 2420 nec
758 2356 967 2439 cogitandum
990 2356 1029 2421 de
1053 2357 1315 2441 interpolatione,

167 2466 259 2530 cuius
283 2465 424 2549 suspicio
448 2465 483 2528 in
507 2464 637 2528 illorum
662 2485 813 2527 versuum
836 2463 962 2526 nullum
984 2462 1092 2529 cadit?

257 2570 396 2637 ‘Nomen
425 2571 555 2635 fabulae
583 2592 656 2635 cum
689 2569 915 2634 acrostichidis
949 2572 1088 2653 scriptor
1116 2593 1173 2655 per
1203 2572 1313 2636 decem

168 2678 297 2743 litteras
328 2681 492 2742 enarravit
520 2698 601 2761 quae
631 2679 706 2741 sunt
738 2673 1052 2758 MENAECHMEI,
1085 2678 1314 2760 antiquitatem

169 2807 265 2868 quarn
290 2785 369 2848 alibi
394 2785 524 2848 affectat
552 2780 787 2867 servavit***):
816 2788 912 2867 atque
942 2783 1097 2847 notabilis
1122 2785 1228 2848 estin
1252 2785 1313 2849 hac

166 2998 314 3064 praeterea
328 2995 399 3049 nihil
414 2996 510 3050 deesse
525 2996 590 3064 post
608 3013 635 3049 v.
651 3000 710 3062 182,
730 2996 828 3047 contra
846 3008 948 3046 novum
968 2995 1101 3048 accedere
1120 3011 1229 3049 versum
1249 2998 1313 3063 post

168 3095 193 3131 v,
215 3081 266 3129 179
286 3075 436 3129 intellexit.

256 3155 283 3225 *)
303 3153 343 3209 cf.
364 3155 483 3225 append.
505 3155 540 3208 ad
560 3173 586 3208 v.
609 3160 657 3208 182
667 3172 728 3222 sqq.

256 3235 297 3304 *ἢ
318 3233 355 3288 Et
373 3252 391 3287 a
408 3253 434 3288 v.
453 3235 565 3289 demum
585 3239 636 3288 542
662 3234 784 3302 incipere
807 3232 941 3303 paginam
968 3232 1027 3287 vidi
1051 3238 1079 3288 et
1097 3253 1183 3288 unum
1202 3250 1312 3289 vorsum

168 3331 268 3370 vacare
286 3314 463 3384 inscriptioni
487 3317 518 3368 et
539 3330 589 3383 pro
614 3312 740 3368 versibus
759 3317 902 3366 ors—550
921 3313 1043 3381 quinque
1067 3318 1177 3368 tantum
1197 3319 1313 3381 exstare,

167 3398 197 3449 ut
222 3413 332 3449 summa
359 3412 423 3448 cum
450 3393 651 3461 probabilitate
680 3393 715 3445 de
743 3393 869 3446 versibus
899 3398 1002 3461 heleq,
1049 3395 1126 3461 (Non
1146 3439 1151 3449 .
1238 3399 1313 3464 dota

167 3476 244 3529 Num
259 3516 265 3528 .
282 3515 288 3527 .
304 3517 311 3529 .
327 3516 334 3528 .
349 3475 443 3541 dicito)
471 3477 586 3544 propter
615 3475 757 3526 externam
784 3472 996 3527 similitudinem
1021 3476 1172 3530 contractis
1196 3475 1311 3545 cogites,

168 3573 232 3609 unm
257 3554 375 3609 eandem
401 3553 436 3607 ob
456 3571 569 3609 causam
591 3555 620 3608 in
640 3553 824 3623 praecedente
843 3553 948 3622 pagina
967 3572 992 3609 v.
1012 3560 1062 3608 537
1083 3557 1212 3611 videatur
1232 3557 1312 3611 omis-

165 3652 211 3688 sns
230 3650 300 3688 essa.

254 3717 314 3784 ***)
338 3715 440 3770 Mirum
467 3732 557 3784 nuper
584 3713 719 3768 iudicium
745 3715 814 3768 tulit
840 3716 868 3768 L.
894 3715 1045 3770 Muellerus
1074 3735 1136 3769 cnm
1163 3718 1191 3770 in
1218 3720 1312 3772 Indice

167 3794 297 3849 Noniano
318 3795 453 3849 scriberet
467 3813 494 3862 p.
510 3799 562 3848 382
574 3810 631 3861 sq:
653 3793 849 3848 “Meneohmis
864 3796 947 3849 scribi
966 3797 1100 3865 oportuit,
1119 3815 1169 3865 per
1189 3799 1237 3865 ‘e',
1257 3817 1312 3852 non

164 3875 237 3930 sicut
250 3875 368 3941 factum,
387 3891 437 3942 per
458 3874 523 3928 ‘ae'.
549 3890 615 3927 saue
630 3876 794 3930 acrostichis
808 3875 920 3929 fabulae
936 3877 1049 3930 exhibet
1063 3877 1133 3929 illud
1152 3877 1310 3931 ‘Menaech-

164 3954 243 4021 mei’,
262 3972 325 4009 cum
342 3953 451 4008 codices
466 3954 560 4008 Plauti
575 3954 695 4007 multum
711 3955 827 4010 varient.
865 3956 961 4024 itaque
981 3957 1151 4010 Ritschelius
1171 3958 1313 4024 inscripsit

167 4035 400 4088 ‘Menaechmos’.
437 4035 467 4088 at
491 4035 564 4102 apud
584 4032 706 4088 Nonium
726 4034 760 4101 L,
780 4035 820 4103 H,
840 4034 864 4089 G
882 4054 1018 4103 nusquam
1039 4036 1244 4105 diphthongum
1264 4038 1309 4105 (cs.

167 4131 265 4169 comm.
286 4115 314 4167 in
336 4122 360 4179 1,
380 4116 420 4181 8);
446 4131 528 4181 quem
547 4130 582 4167 nc
602 4115 630 4167 iu
650 4114 852 4184 Bambergensi
871 4118 984 4183 quidem
1004 4117 1074 4169 libro
1094 4118 1190 4170 autin
1208 4115 1308 4169 Helve-

165 4194 229 4248 ticis
248 4192 371 4248 inveniri
390 4193 513 4247 memini.
529 4199 572 4259 24,
589 4195 662 4263 1811¹
684 4195 903 4260 ‘Menochimis’;
924 4196 953 4247 cf
977 4198 1006 4247 et
1024 4212 1123 4249 comm.
1142 4196 1172 4249 in
1191 4203 1250 4251 338.
1268 4204 1309 4252 14.

168 4281 207 4328 15.
228 4275 277 4327 sed
301 4276 378 4327 recte
401 4290 418 4326 a
442 4272 595 4327 Bitschelio
620 4274 720 4341 Opusc.
743 4275 782 4340 ll,
806 4281 855 4327 521
878 4275 950 4344 [500.
971 4279 1030 4327 502.
1052 4275 1116 4345 506]
1135 4275 1309 4344 improbatur

165 4353 389 4421 tetrasyllabum.
426 4370 491 4406 nam
518 4370 580 4406 cum
608 4355 714 4407 ‘imus’
743 4354 937 4420 antiquissimo
962 4358 1087 4423 ternpore
1113 4371 1168 4408 non
1187 4357 1311 4410 officeret

164 4433 310 4486 nominum
329 4433 450 4500 finalem,
471 4449 519 4485 cur
537 4432 698 4501 epenthesis
718 4435 796 4487 fieret
815 4437 843 4487 in
862 4435 984 4488 talibus?
1007 4437 1099 4487 ortum
1119 4452 1183 4488 vero
1205 4435 1309 4490 ‘Mene-

164 4511 277 4566 chimis’
304 4529 338 4565 ex
362 4529 395 4565 eo
419 4511 493 4580 qnod
517 4511 635 4566 subinde
657 4512 686 4565 iu
709 4513 788 4567 libris
812 4514 924 4583 scriptis
944 4516 987 4568 vel
1007 4514 1150 4582 impressis
1168 4515 1311 4570 invenitur

165 4591 371 4646 ‘Menechinis’.
411 4592 594 4646 ‘Menecmus’
616 4595 648 4643 ut
667 4592 875 4647 ‘Clutemestra’
897 4593 990 4646 Plauti
1016 4593 1128 4659 quidem
1148 4599 1241 4649 aetate
1261 4613 1309 4648 sen

165 4673 366 4727 ‘Menccmnm’
388 4689 435 4726 seu
463 4674 556 4742 potius
582 4676 784 4744 ‘Menegmum’
806 4674 891 4742 vulgo
915 4675 1124 4742 pronuntiatum
1144 4676 1309 4728 existirno”.

164 4754 199 4806 st
224 4770 259 4806 ex
286 4751 372 4806 Nonii
399 4752 479 4806 libris
504 4755 600 4821 qualos
628 4754 762 4808 habemns
787 4755 816 4807 in
838 4755 876 4806 ‘e'
903 4756 947 4807 vel
972 4755 1010 4826 ‘q'
1035 4755 1191 4807 exhibendo
1215 4773 1249 4808 ne
1274 4757 1308 4808 de

163 4832 248 4886 Nonii
268 4833 384 4901 quidem
405 4834 552 4901 scriptura,
573 4836 674 4887 nedum
695 4836 728 4888 de
749 4835 856 4900 Plauti,
877 4833 946 4887 satis
965 4838 1071 4887 certum
1090 4833 1223 4888 iudicium
1243 4836 1308 4888 ferri

161 4915 263 4982 potest.
303 4913 365 4977 Qua
379 4915 407 4967 in
423 4929 454 4966 re
468 4915 557 4969 multo
572 4917 684 4981 gravius
700 4921 743 4968 est
761 4915 920 4983 argumenti
938 4915 1087 4967 acrostichi
1107 4915 1309 4969 testimouium.
