2956 5678
161 313 226 378 184
639 313 826 369 ΑΡΡΕΝΒΙΧ
1168 324 1298 375 sse-oei

160 477 277 531 alterurn
295 476 367 530 iuter
386 476 456 530 alios
472 475 618 542 Gruterus,
636 475 790 542 Bentleius,
808 475 937 532 Botbius.
975 479 1014 532 At
1032 480 1134 534 nurum
1150 481 1183 534 iu
1200 482 1297 534 nodum

160 557 304 625 repetitum
326 572 477 626 prormmen
500 557 558 611 ioco
581 557 614 611 de
634 560 697 610 tutu
715 557 856 625 convenit,
878 563 910 612 ut
935 559 1025 613 neema
1044 577 1083 613 au
1098 561 1296 629 praeferendum

162 637 200 690 sit
219 652 344 705 nos—noe,
361 637 445 691 deleto
464 641 513 690 aut
531 636 585 690 tibi
603 642 653 691 aut
671 647 737 689 nam
755 641 805 689 out
823 635 880 690 iem
899 638 960 705 (uia
978 637 1127 708 [de]fessi).

253 721 313 771 666.
334 715 376 782 Os.
396 717 434 770 ad
451 734 475 771 o.
496 720 558 770 651.
579 747 611 755 -
630 733 698 770 uero
717 732 784 780 nos,
803 731 859 769 nou
878 716 982 770 fulsum
1000 717 1093 772 dicere
1113 718 1175 789 [scil
1192 736 1240 773 noe
1255 719 1293 772 ud·

161 797 297 863 iuremus,
316 797 388 867 (nos)
411 810 466 848 non
489 795 509 848 f.
534 795 574 867 d.]
600 797 731 850 distinxit
756 795 904 862 Teuffelius
928 797 1021 851 ‘Stud
1040 815 1068 851 u.
1090 798 1184 852 Char!
1204 816 1233 867 p.
1247 803 1294 853 266

164 877 361 945 obtemperante
380 875 482 930 Brixia
499 877 617 942 permire
635 877 741 944 alioqui
758 891 855 928 uerum
872 893 927 945 pro
946 876 1050 931 falsum
1068 883 1230 947 exspectaus.
1260 879 1291 932 At

164 957 314 1010 Peniculus
328 971 382 1024 pro
401 970 457 1008 non
476 953 587 1008 dedisse
606 957 702 1009 innuit
720 956 895 1009 adiurantem
919 957 1009 1011 disere
1027 959 1150 1013 debuisse
1166 974 1214 1013 nos
1230 959 1290 1026 (uos)

164 1053 220 1090 nou
238 1035 257 1090 f.
277 1035 303 1088 d.
343 1033 464 1090 Ceterum
481 1052 505 1089 6.
526 1041 577 1090 667
598 1036 731 1089 utendum
746 1051 800 1103 pro
821 1036 954 1090 utendum
973 1036 1124 1093 Meursius.

254 1121 314 1170 662.
333 1115 365 1167 tu
379 1131 530 1182 numquam
544 1113 619 1169 intro
635 1115 664 1168 'ii
678 1116 752 1183 olim,
769 1131 922 1184 numquam
941 1116 1028 1170 hodie
1047 1115 1122 1171 iutro
1140 1119 1171 1171 iu
1187 1118 1224 1172 ed.
1239 1134 1286 1172 rum

165 1195 355 1261 Flesbeelerro,
378 1211 531 1263 numquam
556 1193 650 1248 introd
669 1195 741 1248 Noe.
767 1212 822 1249 ene.
843 1196 864 1248 I
878 1213 906 1264 p.
926 1199 970 1250 81.
1007 1196 1052 1250 De
1074 1195 1130 1249 ibis
1151 1194 1220 1250 intro
1240 1195 1286 1250 roll.

167 1275 268 1330 Pseud.
288 1278 344 1329 659
361 1275 464 1343 sopitat
482 1274 610 1329 Brixius.

255 1361 315 1409 663.
343 1353 393 1409 Pu.
423 1352 484 1407 Eho
513 1353 596 1421 dum,
625 1352 693 1422 quid
719 1354 876 1409 Aeidulius.
918 1352 970 1408 Pn.
999 1352 1061 1409 Eho
1090 1356 1209 1410 domum!
1232 1353 1282 1422 qnid

167 1435 309 1489 Gruterus.

256 1520 316 1568 664.
336 1511 391 1566 tibi
410 1514 521 1581 quando
541 1511 609 1582 quid
628 1512 754 1567 Botltius.

257 1599 316 1648 666.
337 1592 406 1647 Cum
426 1592 526 1661 uirum,
545 1609 607 1647 eum
626 1609 741 1646 uxorem
762 1593 905 1648 Gruterus.
944 1594 1034 1660 Quom
1054 1594 1146 1649 uirum
1162 1596 1216 1650 tum
1231 1611 1279 1648 uxo

168 1691 227 1728 rem
247 1675 284 1728 lli.
323 1672 392 1728 Cum
411 1673 473 1728 uiro
497 1689 566 1727 uxor
588 1674 734 1743 Vssinqius
757 1676 831 1742 (mon
853 1675 937 1728 ambo
956 1676 1080 1730 inserens
1093 1682 1155 1745 post
1170 1675 1278 1746 pudent).

167 1753 221 1819 Qui
250 1753 342 1808 uirum
370 1772 433 1808 oum
461 1771 547 1809 uxore
577 1753 683 1809 Onious
706 1771 735 1823 p.
760 1758 806 1808 68.
845 1752 887 1820 Os.
916 1754 1068 1810 Muellerus
1091 1756 1167 1811 Peos.
1187 1773 1214 1826 p.
1233 1760 1277 1821 sol,

169 1832 309 1889 ‘Nasium’
327 1851 357 1903 p.
377 1837 414 1888 33
432 1839 458 1888 et
475 1834 628 1889 Loreneius
646 1835 684 1888 ad
703 1834 821 1887 Mostell.
843 1837 922 1889 1047.

260 1919 320 1968 667.
340 1912 468 1981 Namque
483 1928 517 1966 ex
534 1914 588 1967 hee
602 1912 712 1968 familie
731 1929 775 1967 me
794 1913 878 1983 plene
894 1914 1080 1969 Camerarius.
1117 1915 1185 1970 Nam
1200 1931 1227 1970 ex
1240 1915 1276 1968 hu

167 1994 278 2047 familie
303 2011 348 2047 me
373 1992 458 2063 plene
483 1993 540 2047 iem
565 1993 638 2048 Kam
659 2011 778 2048 mannus
796 1994 828 2047 de
847 2005 886 2043 En
900 2010 1027 2062 praepos.
1042 2011 1074 2064 p.
1093 1999 1128 2049 13
1144 1995 1204 2049 adn.
1218 1993 1276 2063 (quod

170 2075 259 2128 uoluit
277 2074 306 2127 'R
324 2075 357 2127 iu
371 2074 483 2142 praefi).
525 2073 592 2128 Vide
611 2012 775 2128 bfuellerum
794 2072 873 2127 Pras.
888 2090 917 2142 p.
938 2077 1002 2128 556.

259 2159 319 2207 666.
339 2152 412 2206 Melo
438 2153 477 2206 mi
503 2157 570 2208 uxor
598 2156 658 2207 sese
682 2157 749 2208 recte
772 2153 944 2219 irreprobabat
968 2153 1102 2208 Botbiue:
1127 2159 1274 2208 661666

168 2234 276 2304 Pylade
294 2239 343 2287 aut
362 2232 425 2287 fexe
443 2234 484 2287 ool
497 2233 588 2287 lusere
603 2249 672 2288 corr.
690 2234 839 2289 Bentleius.
877 2233 918 2300 Of.
931 2234 1078 2288 Mallerus
1092 2234 1123 2288 de
1136 2248 1209 2303 prou.
1220 2235 1275 2300 pil

173 2317 266 2369 torae?
285 2314 463 2382 distinquens.
484 2344 516 2353 -·
536 2313 656 2368 exclusit
673 2314 741 2368 loris
760 2312 923 2368 Lambinus.

259 2399 319 2447 610.
339 2392 534 2463 patiendumst
552 2396 714 2465 eorriqentes
732 2394 782 2447 del.
801 2396 833 2447 66
851 2392 880 2446 ii
890 2398 923 2449 ,et
937 2394 1062 2449 Korbius
1075 2394 1137 2448 Em.
1153 2393 1193 2447 Pl.
1206 2409 1228 2461 p.
1243 2389 1276 2443 XI

171 2472 207 2540 (si
226 2478 290 2528 ante
312 2473 409 2526 Erotio
429 2475 572 2538 inserens):
598 2491 650 2542 quo
672 2480 777 2528 seruato
801 2473 831 2526 Si
849 2475 899 2527 del.
919 2473 1128 2541 Fleckeiseuus‚
1151 2475 1208 2528 huis
1222 2473 1244 2527 u
1256 2473 1275 2523 iu

171 2554 236 2607 adu.
275 2552 316 2619 Os.
336 2551 449 2607 Olseuus
463 2571 493 2622 p.
509 2558 546 2607 97
564 2570 624 2607 sum
646 2553 765 2608 Vobleno
783 2554 821 2607 ad
838 2571 862 2607 6.
883 2558 937 2608 756
952 2570 1116 2622 provocans.
1151 2553 1214 2609 Sane
1227 2550 1277 2622 lufi-

171 2635 275 2688 undum
305 2634 515 2688 6666666666
542 2650 595 2687 esse
617 2639 711 2701 potest.
751 2633 872 2687 Ceterum
895 2651 919 2689 6.
944 2639 996 2688 672
1022 2635 1124 2689 emebo
1148 2651 1197 2703 pro
1218 2631 1278 2686 orabo

171 2715 331 2769 Seriverius.

262 2798 321 2848 616,
342 2793 410 2858 Quis
435 2809 479 2846 me
498 2792 544 2846 hia
564 2792 606 2848 il:
630 2800 660 2847 at
682 2796 716 2861 ef.
737 2794 887 2849 Muellerus
909 2795 986 2849 Pros.
1010 2813 1040 2864 p.
1062 2800 1131 2862 394,
1155 2791 1280 2861 nummu

175 2877 207 2928 ele
221 2890 302 2941 prou.
321 2891 349 2941 p.
369 2877 412 2927 31.
443 2904 476 2912 -
504 2876 587 2941 megs
612 2875 731 2940 quamde
755 2876 843 2928 666661
868 2876 935 2929 tune
958 2875 1096 2931 Botlsius:
1123 2873 1280 2945 magisque

171 2953 351 3019 substituas,
372 2969 435 3006 rose
453 2951 485 3008 Ε
505 2954 564 3007 coll.
584 2972 607 3008 6.
627 2960 690 3008 191,

261 3037 321 3086 677.
342 3032 398 3086 seio
422 3031 476 3086 tibi
500 3050 533 3088 ex
557 3051 601 3087 me
627 3036 658 3086 ut
676 3032 706 3086 ll
724 3035 770 3102 (of.
792 3034 888 3104 Opusc.
907 3034 992 3104 Hp.
1011 3040 1094 3103 451),
1120 3037 1181 3090 olim
1199 3032 1281 3100 Proles.

174 3113 250 3165 Triu.
273 3128 303 3180 p.
331 3111 476 3165 CLXIII
500 3113 557 3166 ecio
583 3115 615 3166 m
640 3112 693 3168 tibi
717 3131 749 3168 ex
775 3133 818 3168 me
844 3118 912 3184 (nou
931 3118 988 3170 scio
1015 3120 1047 3170 66
1066 3115 1119 3170 tibi
1137 3132 1168 3168 ex
1185 3126 1282 3167 merus

177 3192 288 3260 Weisio)
303 3193 440 3259 probans:
459 3192 494 3256 of.
509 3191 670 3262 Kaempfius
684 3211 714 3261 p.
735 3197 778 3248 37.

259 3277 321 3333 619.
341 3288 399 3325 rem
419 3288 539 3338 omnem,
557 3274 591 3326 ut
608 3274 686 3327 feste.
703 3277 755 3340 est,
774 3273 936 3330 Lambinus.

262 3357 321 3406 680.
342 3355 423 3406 tenta
442 3369 503 3405 eum
521 3352 572 3407 Ba
589 3354 678 3408 rusaio
697 3371 737 3407 66
755 3356 936 3409 reuocandum
954 3355 991 3409 sit
1009 3356 1069 3411 soll.
1088 3375 1112 3410 6.
1132 3360 1194 3422 800,
1210 3353 1250 3407 ubi
1264 3353 1286 3402 6

172 3431 262 3488 mulio
281 3433 362 3484 tante
377 3473 384 3484 .
400 3473 405 3484 .
422 3473 427 3485 .
443 3431 563 3501 emplius
583 3432 672 3486 1301)
695 3435 882 3500 consentiunt,
910 3440 934 3486 et
957 3434 1032 3489 llud.
1060 3441 1131 3503 521,
1152 3436 1199 3489 ubi
1221 3431 1289 3485 multe

171 3513 253 3567 bunis.
267 3511 394 3566 miserior
409 3511 436 3563 13
454 3518 517 3566 ante
526 3529 595 3567 corr.
608 3512 661 3566 OD
672 3529 733 3567 eum
745 3515 780 3567 A.
818 3515 897 3567 Adde
911 3513 1008 3568 decem
1024 3519 1106 3570 tenta
1120 3519 1147 3570 66
1161 3531 1220 3568 emo
1233 3510 1292 3581 apud

174 3592 342 3647 Frontonem
356 3609 386 3660 p.
406 3597 451 3657 91,
471 3597 496 3645 5.
517 3598 534 3646 7
552 3592 599 3657 N„
617 3595 690 3646 sim:
709 3595 756 3648 sed
774 3597 808 3660 ef.
828 3595 1024 3650 6666666666
1042 3597 1075 3648 in
1094 3597 1177 3651 Luer.
1199 3593 1238 3646 VI
1250 3596 1292 3645 156

169 3690 199 3742 p.
219 3677 284 3727 372.
323 3671 445 3725 Ceterum
470 3674 570 3725 nstrum
596 3678 634 3726 est
659 3689 744 3740 quum
771 3675 843 3728 illud
868 3677 991 3742 ineptum
1014 3676 1075 3743 (ubi
1097 3676 1205 3731 debebat
1221 3674 1296 3727 saltem

173 3769 257 3819 quem
276 3753 365 3819 ualet)
383 3768 440 3806 non
458 3753 536 3806 modo
554 3770 637 3821 usque
656 3753 693 3806 ad
711 3752 844 3807 Briaium
863 3770 952 3807 omines
975 3754 1116 3821 tolerasse,
1138 3757 1184 3809 sed
1200 3755 1236 3808 rel
1249 3755 1298 3820 pul

175 3833 255 3885 illum
274 3832 417 3886 retinuisse
431 3831 596 3885 Vablenurn:
615 3833 650 3899 ef.
670 3833 739 3886 idem
758 3834 884 3886 mendum
903 3851 926 3885 6.
942 3838 1064 3889 62.156.
1079 3838 1142 3890 363.
1158 3840 1216 3889 543.
1235 3834 1300 3887 toul.

175 3916 246 3964 1115
255 3912 313 3977 (B).
335 3916 390 3965 668
411 3912 496 3978 (Da).
517 3916 570 3966 759
588 3913 674 3980 (Ba),
695 3914 731 3967 al.

264 3995 322 4044 681.
343 3990 415 4045 Dedi
438 3992 568 4062 equidem
590 3991 690 4059 illunc,
717 3993 752 4047 ud
771 3992 956 4062 phrygionem
975 3996 1007 4046 ui
1033 3994 1136 4062 serres,
1164 3994 1216 4049 tibi
1231 3991 1302 4062 pesile

173 4066 252 4137 prius
280 4087 341 4123 666
368 4071 469 4125 Botbr'o
488 4072 530 4126 ii:
549 4075 584 4139 es.
603 4074 690 4139 praes.
732 4072 797 4126 Tibi
826 4072 890 4127 dedi
919 4073 1050 4141 equidem
1077 4075 1158 4128 illam
1175 4075 1210 4127 isd
1233 4074 1304 4143 phry-

173 4149 284 4218 gionem
306 4152 337 4203 ut
360 4151 481 4205 deferres
505 4169 531 4220 p.
552 4171 578 4221 p.
599 4152 797 4206 Fleobee'semes.
848 4153 892 4206 De
919 4155 1063 4207 tralaticio
1086 4157 1225 4224 scripturo
1250 4160 1304 4216 (nou

173 4230 328 4296 improbata
348 4230 481 4287 Koeblero
492 4234 525 4286 de
542 4239 641 4301 septen.
661 4235 744 4287 troob.
764 4234 808 4288 Pl.
824 4252 854 4302 p.
866 4234 914 4303 78)
932 4234 1134 4288 dubitationem
1152 4251 1229 4289 meum
1246 4232 1306 4287 Her·

173 4328 292 4363 mariscus
317 4312 492 4380 siqnifieubat
517 4313 604 4367 Elem.
628 4314 713 4367 doctr.
737 4321 812 4369 metr.
829 4331 859 4382 p.
878 4319 917 4368 88
934 4315 1051 4382 itemque
1073 4314 1224 4368 Muellerus
1240 4313 1308 4366 Pru.

170 4406 200 4454 p.
221 4394 282 4442 557.
316 4391 442 4459 pauxillo
458 4393 533 4461 prius
549 4393 709 4464 Spenpelius
727 4395 838 4460 firmare
850 4399 960 4463 poterat
981 4411 1014 4448 66
1034 4395 1160 4461 Afranio
1178 4412 1203 4447 6.
1212 4397 1265 4447 296
1280 4392 1310 4445 It.
