2956 5678
169 345 245 399 xxx
274 356 280 366 ·
546 405 547 408 a
629 307 846 400 ’1111011110

258 507 382 572 Deinde
411 527 472 594 ego
501 510 622 592 primus
652 508 712 573 sub
740 490 838 574 ficiem
863 531 890 573 v.
909 510 975 573 672
1004 507 1153 572 lacunam
1181 507 1339 592 signavi.

105 624 116 645 ⁹
169 615 221 679 ‘et
244 615 285 679 ob
309 618 449 679 metrum
474 619 508 679 et
529 616 721 697 obteniant
742 639 771 680 v.
791 615 886 681 673⁹:
910 615 1030 700 quain
1053 637 1089 679 re
1112 636 1177 679 nou
1200 613 1318 698 negle·

169 721 307 805 gendum
336 725 386 786 est
413 720 454 785 ad
484 721 571 786 hunc
599 745 726 808 quoque
755 745 883 786 versum
911 725 1024 787 notam
1053 721 1199 787 criticam
1223 721 1259 784 in
1284 719 1322 785 Β

168 827 330 910 adpictum
361 826 469 890 fuisse.
515 825 588 891 Huc
620 849 696 891 vero
729 827 854 891 aceedit
886 827 971 912 quod
1004 827 1104 891 etitm
1136 849 1165 892 v.
1184 826 1248 890 691
1281 827 1318 890 in

170 934 384 1017 altersparte
407 937 476 996 tam
501 938 606 998 metro
630 957 726 1018 quam
756 935 917 998 sententia
945 934 1052 998 simile
1080 933 1317 998 detrimentum

168 1040 289 1123 prodit:
313 1062 395 1123 quae
420 1040 481 1105 sibi
506 1036 653 1105 accurate
676 1040 927 1126 respondebunt,
950 1042 976 1105 si
999 1064 1029 1105 x.
1048 1040 1110 1105 691
1136 1039 1192 1125 qui
1215 1061 1314 1123 asyn-

168 1151 291 1211 artetus
320 1150 370 1210 est
397 1146 532 1210 alteram
563 1152 688 1232 partem
719 1169 863 1212 seorsum
891 1148 1119 1232 perscriptam,
1146 1169 1174 1211 v.
1200 1150 1314 1211 autem

167 1255 233 1318 672
257 1253 495 1338 longiusculum
519 1253 709 1341 bipartitum
727 1254 833 1335 ,fuisse
856 1259 1019 1339 putamus.

255 1357 340 1423 Huic
365 1359 551 1442 adiungitur
574 1360 678 1424 altera
702 1381 741 1423 ex
760 1360 872 1424 eadem
891 1362 1013 1445 pagina
1036 1360 1154 1425 lacuna
1176 1361 1211 1424 in
1230 1360 1317 1446 ipsis

168 1466 262 1531 libris
290 1465 444 1529 denotata
472 1487 499 1529 v.
523 1454 589 1530 68'0
617 1466 711 1530 initio
740 1462 853 1553 (quam
886 1488 952 1530 uon
980 1467 1064 1530 male
1092 1466 1234 1550 explevit
1261 1464 1318 1531 13²

168 1572 271 1654 <Non
305 1572 413 1655 eum),
450 1571 512 1636 etsi
550 1572 658 1637 nescio
696 1595 738 1636 an
775 1577 918 1656 praestet
949 1571 1091 1654 <Sumne
1121 1570 1315 1661 in>scttior):

168 1700 269 1764 neque
294 1677 481 1762 ambiguum
505 1679 576 1761 erit,
595 1679 672 1763 quin
696 1701 734 1743 ee
752 1680 926 1744 cohaereat
949 1701 1021 1744 cum
1044 1702 1073 1744 v.
1094 1680 1156 1744 701
1181 1678 1315 1744 defectu

168 1807 264 1871 quem
288 1785 381 1866 liqrcis
403 1784 553 1848 insanum
577 1785 700 1870 prodit:
727 1808 786 1870 pro
814 1807 877 1869 quo
907 1786 992 1871 quod
1021 1808 1092 1851 cum
1116 1783 1168 1850 Β2
1191 1786 1313 1851 substi-

37 1925 41 1931 ,
168 1896 299 1956 tuerent
331 1890 469 1955 editores
501 1895 576 1975 post
605 1888 827 1956 Camerarium
858 1893 893 1956 bi
922 1894 978 1974 qui
1007 1893 1102 1959 eunt?
1135 1892 1213 1957 terri
1245 1914 1332 1958 uon-

51 2018 56 2027 ·
163 1998 264 2081 'posse
279 1994 453 2080 Seyffertus
469 1997 578 2061 docuit
596 1995 794 2082 (liquidumst
811 1998 934 2081 scripsi,
953 2016 1109 2084 0100111101
1125 2030 1159 2051 -
1172 2017 1315 2060 0011101111

168 2105 217 2169 vel
237 2123 360 2165 nonsuu
378 2100 558 2190 supplens).
603 2102 707 2169 Simul
731 2127 770 2169 ex
792 2105 854 2170 hac
878 2106 1089 2189 congruentia
1112 2105 1315 2189 percipimus

69 2264 80 2290 ,
166 2234 195 2276 v.
210 2211 275 2276 695
290 2233 336 2296 sq.
355 2233 456 2275 uuum
475 2210 551 2276 olim
572 2210 715 2275 effecisse
735 2233 872 2294 versum,
892 2211 959 2276 sive
978 2210 1199 2297 septenarium
1217 2209 1315 2298 (Quis

164 2317 274 2402 <cet>?
303 2316 461 2404 correcto)
486 2319 554 2385 sive
578 2340 616 2382 ex
640 2318 766 2383 duobus
790 2317 1027 2403 semiquinariis
1051 2319 1198 2383 iambicis
1225 2339 1313 2384 com·

167 2426 310 2509 positum
334 2422 389 2509 (cf.
411 2448 442 2510 p.
461 2424 601 2489 XXXVI
625 2423 721 2512 adu).

255 2539 316 2605 Sed
339 2521 438 2604 etiam
462 2541 517 2623 qui
540 2543 673 2625 quartus
698 2543 747 2620 est
772 2541 812 2604 ab
836 2540 899 2606 hoc
921 2563 950 2606 v.
965 2541 1030 2606 704
1054 2546 1199 2625 apertam
1223 2542 1312 2608 lacu-

165 2670 240 2712 nam
265 2643 403 2734 habet*)
418 2683 460 2694 -
476 2648 516 2711 ad
540 2669 637 2731 quam
660 2653 739 2712 nota
760 2648 796 2711 iu
816 2648 851 2713 Β
874 2648 1058 2731 pertinebat
1081 2649 1159 2712 olim
1177 2653 1315 2733 —post

36 2743 44 2755 ’
165 2754 277 2819 mulier
299 2773 448 2819 mane-
462 2753 547 2838 quod
571 2755 677 2838 ipsum
696 2753 785 2819 solus
805 2754 838 2818 Β
857 2754 1006 2838 servavit,
1024 2758 1061 2818 ut
1079 2776 1107 2818 v.
1122 2755 1187 2820 692
1211 2755 1314 2819 verba

164 2882 222 2944 apo
245 2862 339 2926 setius
358 2883 414 2927 -ι
438 2860 494 2925 ubi
517 2860 626 2925 amabo
650 2860 760 2926 adieci.
798 2859 882 2924 Nam
906 2880 1075 2945 perperam
1100 2860 1156 2924 alii
1180 2880 1313 2926 versum

165 2967 366 3032 deficientem
392 2967 437 3032 sic
461 2972 624 3051 curarunt,
642 2971 679 3032 nt
702 2967 930 3052 septenarium.
944 2967 1119 3031 iambicum
1142 2965 1314 3032 efficerent

168 3110 205 3120 —
223 3074 309 3159 quod
327 3074 478 3158 deinceps
498 3073 642 3157 sequitur
660 3078 800 3138 metrum
815 3096 871 3137 -ε
890 3094 966 3137 nam
985 3073 1071 3138 huno
1089 3086 1218 3137 versum
1236 3094 1314 3138 cum

164 3181 327 3266 prioribus
351 3180 594 3273 anapaesticum
618 3201 688 3245 esse
707 3181 818 3259 90111111
840 3181 871 3245 tc'
889 3202 1041 3244 mensura
1063 3180 1191 3264 probat,
1211 3201 1313 3265 quam

164 3288 219 3371 qui
242 3309 407 3353 removere
429 3288 613 3371 voluerunt,
634 3290 748 3353 contra
771 3288 931 3352 rationem
955 3288 1099 3351 criticam
1123 3291 1313 3370 peccarunt,

168 3416 240 3460 cum
264 3395 360 3460 huius
383 3395 446 3460 loci
469 3395 609 3459 mutatio
632 3394 774 3478 profluat
797 3395 925 3459 demum
949 3417 987 3459 ex
1010 3395 1189 3458 mutatione
1213 3399 1314 3459 autea

164 3502 269 3567 minus
293 3507 378 3568 recte
401 3502 561 3567 instituta.
608 3499 689 3566 Cum
713 3502 775 3567 hoc
799 3509 875 3566 tero
899 3501 1095 3565 detrimento
1119 3501 1200 3565 satis
1217 3522 1311 3577 ⁸com·

148 3609 259 3674 'mode
279 3609 438 3693 conve'nit,
458 3610 542 3693 quod
562 3632 591 3673 v.
606 3609 671 3674 683
694 3608 867 3673 bacehiaca
886 3629 1039 3673 mensura
1058 3606 1232 3675 claudicat:
1250 3608 1310 3672 ubi

164 3714 330 3783 anthemo
353 3722 428 3801 post
450 3737 538 3781 uenio
562 3717 775 3802 supplendum
803 3717 866 3799 crit
893 3720 950 3780 aut
977 3715 1083 3780 nullus
1110 3715 1309 3780 substituen·
1364 3741 1369 3753 ·

145 3823 253 3906 .dum,
279 3825 306 3889 si
329 3845 416 3889 amno
439 3845 497 3908 pro
521 3827 627 3888 vetere
654 3823 906 3906 interpolatione
934 3822 1069 3904 hebere:
1099 3843 1162 3905 quo
1191 3821 1310 3886 ducere

48 3969 55 3981 ·
163 3932 272 4011 potest
301 3930 334 3994 Β
366 3931 485 3996 codicis
519 3930 679 4015 scriptura
711 3930 816 4015 qualis
849 3934 924 3994 ante
957 3934 1172 3994 correcturum
1205 3927 1309 3994 fuisse

163 4035 296 4101 videtur.
341 4035 409 4101 Iam
437 4042 503 4102 tres
531 4038 664 4101 lacunae
692 4059 766 4101 cum
794 4036 826 4100 in
857 4037 918 4100 hoc
947 4059 1012 4100 uno
1043 4035 1123 4100 folio
1152 4056 1224 4100 sese
1252 4057 1308 4101 ex·

251 4231 276 4299 *)
303 4227 407 4282 Contra
434 4229 521 4284 fallax
550 4233 593 4284 eet
621 4227 738 4282 lacunae
767 4229 872 4297 species
897 4247 922 4283 v.
939 4234 1004 4295 699,
1032 4227 1081 4283 ubi
1104 4229 1185 4283 vetus
1209 4242 1309 4284 versus

162 4308 307 4378 bipartitio
335 4310 446 4363 servata
475 4327 592 4364 vacuum
621 4309 742 4378 spatium
768 4309 946 4378 litteramque
974 4308 1160 4363 maiusculanr
1184 4307 1307 4380 (Oculis)

160 4390 360 4458 procreavit-
372 4390 520 4445 accedente
539 4390 568 4443 in
588 4391 615 4444 B
633 4393 757 4458 nota-,
777 4406 838 4443 cum
854 4409 879 4442 v.
891 4395 942 4444 679
961 4389 991 4442 in
1010 4388 1095 4443 simili
1114 4388 1300 4459 discriptione

161 4488 200 4527 an
219 4471 392 4527 servaverint
411 4470 484 4540 libri,
503 4471 557 4525 nisi
576 4470 650 4540 quod
670 4470 727 4525 Β]
741 4472 789 4525 Arc
808 4470 949 4525 exhibent.
