2956 5678
162 329 280 385 XXXVI
634 325 843 382 PRAEFATIO

162 514 238 555 nem
261 492 357 573 plane
381 496 539 571 constare,
557 488 733 553 dummodo
757 487 799 553 ab
818 488 869 552 his
887 488 1036 552 versibus
1056 488 1312 571 suspectissimis

163 597 302 678 recedas,
325 596 472 681 quisnam
497 596 585 660 casui
608 594 753 659 tribuet?

253 701 376 766 Deinde
410 724 504 786 quem
538 723 637 784 supra
669 696 715 785 (p.
736 697 843 787 XXV)
877 699 1066 764 dubitanter
1093 699 1214 764 ibidem
1246 723 1314 766 una

163 808 321 872 traximus
344 808 451 873 locum
471 807 536 872 206
551 830 559 870 ε
574 807 650 890 228,
673 807 738 870 iam
761 806 973 870 confidentius
996 805 1214 888 defendemus,
1233 828 1314 893 quo·

168 915 255 978 niam
293 936 331 978 ex
366 913 469 997 ipsius
502 913 723 997 discriptionis
756 913 972 978 concinnitate
1005 912 1166 977 sententia
1197 917 1315 977 nostra

162 1020 271 1085 fulciri
295 1020 431 1084 videtur.
479 1019 572 1095 Quod
595 1040 671 1083 vero
695 1019 775 1083 item
803 1014 991 1082 dubitanter
1019 1017 1137 1083 damna
1159 1040 1313 1083 versuum

163 1126 207 1190 82
230 1148 237 1188 :
264 1126 328 1190 102
352 1128 385 1189 et
410 1126 473 1190 156
497 1149 504 1188 :
531 1126 594 1190 176
623 1124 664 1189 ad
692 1124 827 1188 eandem
855 1125 1102 1208 explicationem
1124 1125 1313 1190 rettulimus

166 1229 209 1316 (p.
225 1231 342 1315 Xqu.
357 1236 391 1296 et
408 1228 544 1316 XXIV),
562 1231 628 1296 iam
648 1230 869 1315 intellegimus
888 1235 945 1294 aut
964 1231 1097 1295 omnino
1116 1231 1213 1295 aliter
1231 1230 1313 1296 haec

166 1337 364 1420 expedienda
387 1359 457 1402 esse
481 1342 538 1402 aut
557 1338 614 1402 alii
638 1336 814 1420 archetypo
834 1336 1014 1413 tribuenda,
1033 1337 1112 1401 item
1130 1341 1168 1401 ut
1186 1358 1215 1400 v.
1227 1337 1312 1402 662:

163 1443 228 1508 679
253 1440 298 1530 (p.
317 1441 427 1508 XXXI
443 1439 512 1529 sq.)

252 1550 355 1615 Porro
387 1554 463 1634 post
495 1550 650 1614 maiorem
682 1548 773 1613 illam
804 1553 1028 1613 sexcentorum
1060 1549 1128 1613 fere
1158 1568 1312 1612 versuum

162 1656 311 1721 lacunam
341 1655 382 1720 ab
409 1655 505 1721 initio
533 1655 657 1739 optime
685 1654 732 1719 sic
759 1677 810 1719 res
838 1654 999 1738 procedit,
1029 1658 1066 1719 ut
1095 1676 1133 1719 ex
1161 1653 1311 1740 vestigiis

163 1761 356 1827 clarissimis
379 1760 440 1825 hos
463 1762 659 1845 paginarum
681 1760 762 1825 fines
785 1781 1026 1845 recuperemus:

257 1863 435 1953 7-(500.)
461 1865 531 1931 502
738 1862 1000 1952 :503-(520.)
1026 1865 1095 1930 522

208 1970 383 2059 523-(sc.
402 1970 514 2059 inser.)
539 1971 621 2038 566.
645 1969 712 2036 567
739 1990 748 2036 2
773 1969 948 2057 588—(sc.
968 1969 1078 2059 inser.)
1102 1969 1184 2038 554.
1210 1970 1281 2037 555

210 2076 292 2145 556.
317 2077 500 2145 557-575
738 2095 747 2140 t
773 2075 855 2141 576.
880 2074 1062 2143 577-595

207 2184 386 2250 596-615
739 2181 943 2268 :olo-(se.
966 2181 1078 2270 inser.)
1103 2182 1169 2249 633
1232 2218 1241 2231 ·

208 2287 389 2357 634-649
740 2307 750 2353 ε
774 2287 951 2375 too-(sc.
974 2287 1087 2374 inser.)
1111 2290 1174 2354 667

253 2396 325 2462 Η66
349 2417 478 2481 quoque
501 2397 582 2481 loeo,
607 2417 691 2480 quae
714 2396 785 2460 sola
808 2400 936 2484 praeter
959 2417 1014 2460 eas
1039 2396 1077 2459 de
1105 2395 1225 2479 quibua
1248 2396 1313 2459 iam

166 2501 305 2566 diximus
334 2501 474 2587 paginas
502 2498 548 2587 (p.
566 2500 686 2568 XXVI.
713 2497 836 2587 XXIX)
864 2502 1007 2584 spatium
1035 2502 1220 2586 legitimum
1247 2522 1314 2566 non

166 2608 307 2691 complet
321 2607 443 2692 pagina
457 2607 634 2672 576-595
644 2640 688 2652 —
698 2606 754 2671 ubi
763 2605 876 2670 XVIII
892 2607 1010 2671 senarii
1025 2608 1057 2671 in
1071 2608 1165 2671 libris
1179 2611 1315 2689 sunt—,

164 2715 200 2778 in
223 2735 261 2778 ea
289 2712 479 2777 certissimis
508 2713 691 2777 rationibus
716 2713 831 2777 ductus
854 2713 986 2777 lacunas
1011 2712 1111 2776 statui
1134 2734 1164 2777 v.
1183 2713 1249 2778 581
1267 2735 1314 2798 sq.

165 2824 197 2882 et
226 2819 292 2883 589
308 2840 369 2902 sq.:
403 2841 483 2902 quas
516 2824 646 2901 praeter
677 2819 728 2882 bis
762 2818 825 2883 duo
858 2840 941 2901 quae
974 2818 1177 2903 signavimus
1211 2818 1314 2884 hemi·

164 2925 283 2989 stichia
303 2925 423 2989 omissa
441 2925 606 3009 integrum
625 2926 724 2989 etiam
744 2946 872 2988 versum
892 2926 1077 3008 complexas
1091 2945 1162 2988 esse
1176 2927 1314 3007 statuas,

165 3030 194 3093 si
218 3051 353 3095 scaenae
378 3030 583 3115 inscriptioni
606 3035 682 3115 post
701 3054 729 3095 v.
745 3030 810 3095 630
835 3032 929 3094 unius
955 3033 1084 3094 tantum
1103 3052 1217 3095 versus
1242 3052 1314 3116 spa·

165 3136 247 3199 tium
271 3136 407 3202 tribuas.

253 3241 400 3327 Denique
428 3245 463 3308 in
486 3248 629 3308 extrema
657 3247 749 3327 parte
776 3243 906 3306 fabulae
936 3243 986 3307 vel
1016 3245 1167 3326 graviora
1195 3241 1316 3308 damna

165 3352 352 3414 contextum
385 3372 573 3433 perpessum
607 3371 678 3414 ease
708 3350 774 3413 iam
807 3370 904 3433 supra
935 3350 1152 3433 exposuimus.
1199 3348 1315 3414 Nihilo

169 3456 276 3521 minus
300 3456 463 3541 prioribus
487 3458 565 3521 satis
591 3460 740 3522 accurate
767 3455 847 3520 haec
870 3478 940 3520 sese
965 3455 1108 3540 adplicat
1130 3455 1315 3539 discriptio:

209 3563 272 3628 ees
291 3559 349 3648 (ss.
363 3562 458 3628 inser.
474 3560 721 3648 cru-(eso.)
736 3558 806 3625 asa
826 3580 836 3625 t
857 3559 1192 3648 causon-(ror.)
1205 3559 1316 3647 6646

209 3665 404 3734 sos-711.
431 3666 499 3732 rra
827 3665 1052 3733 :us-ras.
1083 3666 1152 3731 rac

211 3773 403 3838 rar-ras.
431 3770 512 3839 666.
538 3772 608 3838 rao
827 3773 1047 3841 :ur-rsa.
1074 3771 1156 3840 666.
1181 3771 1252 3838 666

212 3875 293 3942 666.
319 3879 499 3944 666-666
524 3901 566 3944 sc.
590 3880 686 3944 inser.
826 3877 939 3944 :rra
966 3878 1135 3943 ars-fin.

166 4023 377 4031 ——-—

254 4102 281 4172 ¹⁸)
301 4105 341 4158 Ex
371 4106 424 4160 hac
451 4105 633 4176 discriptione
661 4103 744 4162 huius
773 4104 834 4160 lolii
857 4106 1004 4174 probabile
1028 4110 1072 4161 eat
1098 4105 1315 4176 inscriptionem

167 4198 284 4237 scaenae
313 4183 382 4238 duos
410 4201 504 4240 versus
530 4201 682 4256 occupasse
711 4185 790 4254 (item
814 4188 878 4254 post
899 4204 927 4239 vv.
944 4193 994 4241 652
1015 4189 1045 4241 et
1062 4187 1088 4258 [?
1104 4203 1131 4240 r.
1147 4185 1182 4257 a]
1202 4188 1266 4255 680)
1287 4191 1317 4242 ct

166 4266 277 4332 praeter
296 4281 321 4317 v.
337 4268 389 4318 672
409 4266 437 4317 et
456 4270 505 4318 691
536 4266 582 4335 (ct
598 4285 625 4335 p.
642 4265 727 4333 XXX)
756 4265 841 4320 etiam
860 4285 885 4321 v.
901 4273 952 4321 671
972 4266 1153 4336 bipartitum,
1172 4285 1198 4320 v.
1219 4269 1315 4321 autem

167 4347 309 4397 693-696
329 4343 445 4409 duobus,
464 4362 519 4408 non
539 4349 679 4416 quattuor,
699 4346 826 4398 versibus
846 4346 986 4413 (similiter
1005 4349 1089 4415 atque
1108 4346 1139 4399 in
1158 4347 1196 4414 B)
1216 4344 1316 4400 distri-

166 4421 250 4475 butos
269 4422 364 4476 fuisse.
