2956 5678
147 353 253 407 'XXIV
629 350 845 409 PRAEFATIO.

252 516 425 581 Praeterea
453 516 734 582 commemoranda
760 517 812 580 vel
835 515 981 581 addenda
1003 537 1074 581 esse
1096 514 1190 581 video
1211 515 1308 581 hacc:

252 623 303 687 Ad
323 628 515 708 apparatum
535 646 562 688 v.
573 626 614 688 67
635 623 729 688 adde:
749 622 804 687 ‘on
822 626 974 707 paratum
993 620 1164 687 Cariam?
1187 620 1309 698 Quaeri

163 730 248 794 enim
272 733 389 815 potest,
411 752 490 794 num
515 732 646 795 omnino
670 730 787 794 dixerit
809 730 946 795 Plautus
969 728 1020 794 ‘in
1043 727 1195 795 Oariam'.
1239 728 1310 805 Qua

160 837 193 900 in
217 837 406 922 quaestione
430 836 696 921 proficiscendum
720 841 769 901 est
793 860 819 900 a
843 860 872 901 v.
896 836 976 901 206:

207 958 364 1024 Minume:
387 982 462 1025 nam
486 958 667 1043 parasitum
681 957 762 1025 'misi
787 960 904 1024 nddius
928 964 1063 1045 quartus
1087 956 1246 1024 Cariam

162 1085 218 1148 ubi
238 1107 278 1149 ne
296 1088 404 1169 potest
423 1084 551 1167 quidem
571 1084 620 1148 ‘in
640 1083 787 1150 Cariam’
806 1082 943 1149 restitui.
977 1081 1046 1148 Nee
1069 1082 1178 1168 magis
1201 1083 1309 1149 v.225

162 1190 196 1253 ‘c
220 1189 331 1256 Oaria’
356 1192 454 1257 scribi
477 1196 599 1277 potest:

207 1313 324 1400 Pares,
347 1317 510 1400 parasitus
534 1314 699 1400 quianon
722 1314 818 1380 rediit
841 1314 962 1381 Caria

162 1438 223 1503 His
247 1440 409 1505 addendus
433 1464 461 1505 v.
485 1440 564 1505 339:

206 1562 339 1629 Prendit
361 1565 535 1648 dexteram,
559 1565 692 1650 seducit,
713 1568 810 1651 rogat
833 1556 908 1649 quid
931 1565 1058 1631 reniam
1083 1562 1245 1630 Cariam

164 1688 220 1752 ubi
244 1709 419 1756 consensus
443 1690 600 1754 librorum
625 1688 789 1755 ‘Cariam’
812 1693 947 1754 tutatur.
992 1688 1062 1753 Iam
1087 1710 1312 1755 commemoro

162 1794 225 1859 duo
253 1816 364 1860 versus
395 1800 579 1880 corruptos,
610 1817 745 1879 quomm
774 1796 857 1860 alter
879 1794 1036 1858 facillima
1059 1795 1255 1881 corrigitur,
1283 1796 1310 1861 si

165 1900 231 1966 ‘in'
256 1902 399 1967 delemus
422 1902 466 1988 (v.
490 1902 584 1986 338):

206 2024 291 2102 Quia
313 2026 430 2091 nudius
454 2030 588 2111 quartus
613 2026 801 2090 advenimus
825 2024 978 2091 Cariam

161 2150 216 2213 ubi
243 2148 405 2214 ‘venimus
428 2151 461 2215 in
485 2148 629 2215 Cariam'
653 2150 737 2215 libri.
786 2148 879 2214 Addo
903 2173 932 2214 v.
955 2150 1035 2233 275,
1062 2171 1161 2235 quam
1186 2152 1239 2217 sic
1261 2174 1315 2219 ar·

161 2256 274 2320 hibent
297 2257 434 2322 codices:

205 2380 307 2446 Estne
329 2379 383 2447 hic
406 2381 568 2465 parasitus
593 2378 651 2464 qui
671 2380 789 2445 missus
813 2380 923 2446 estin
946 2378 1124 2447 Cariam?

162 2505 227 2572 Ubi
251 2505 318 2571 ‘in'
341 2528 452 2570 versus
481 2506 628 2590 explendi
657 2527 754 2570 causa
778 2505 937 2570 adiectum
961 2506 1051 2570 duco.
1097 2504 1231 2592 Scripsi
1255 2509 1317 2574 sic:

207 2629 311 2696 Estne
334 2629 388 2695 hic
411 2631 574 2713 parasitus
598 2630 652 2713 qui
676 2630 722 2693 ab
746 2650 808 2695 ero
831 2631 967 2695 missust
989 2627 1168 2695 Cariam?

162 2753 299 2818 Restant
327 2756 389 2821 duo
417 2777 546 2837 versus,
573 2756 690 2839 quibus
715 2752 784 2817 ‘in’
807 2753 904 2819 facilc
932 2753 1030 2818 deleri
1060 2757 1176 2838 potest
1201 2752 1250 2842 (v.
1273 2758 1315 2823 67

161 2864 195 2925 et
216 2857 311 2945 339):

207 2965 302 3030 Nunc
324 2964 401 3031 hino
425 2968 604 3050 parasitum
628 2967 666 3030 in
691 2964 844 3031 Cariam
868 2963 946 3031 misi
966 2988 1072 3030 meum

206 3071 383 3157 Postquam
406 3077 462 3138 tuo
486 3073 577 3138 iussri
602 3074 764 3157 profectus
788 3078 875 3157 siim,
898 3074 1028 3157 perveni
1052 3073 1091 3138 iu
1116 3072 1290 3145 Cariam.

162 3196 201 3261 V.
223 3194 294 3260 109.
330 3196 368 3260 Ιι]
396 3220 468 3282 app.
493 3199 596 3262 scribe
620 3197 717 3262 ‘haec
734 3199 828 3280 quius
850 3219 928 3262 corr.
951 3219 974 3261 o.
996 3219 1023 3280 q.
1046 3196 1083 3265 εἶ

164 3304 204 3371 V.
224 3306 297 3368 711.
335 3304 399 3369 Ubi
422 3303 579 3369 Luchsius
604 3303 674 3388 ‘qui
697 3303 882 3387 praescnte'
910 3305 1076 3389 scripserit
1098 3302 1157 3389 (cf.
1182 3307 1317 3375 Kienita

207 3412 245 3476 de
269 3410 332 3488 Qui
355 3433 381 3476 e.
401 3433 431 3494 q.
451 3433 474 3474 s.
497 3433 526 3493 p.
545 3408 634 3495 529),
657 3433 721 3475 nou
745 3412 860 3476 inveni.
967 3490 970 3495 Ι

249 3516 399 3582 Ceterum
423 3537 537 3580 moneo
558 3538 609 3580 me
631 3539 735 3601 neque
753 3516 1075 3583 Fleckeiseniana
1099 3519 1242 3587 inventa
1263 3544 1315 3589 ua·

161 3649 222 3711 que
245 3625 485 3707 Ussiugiana
507 3625 541 3687 in
560 3625 790 3690 commentario
814 3647 1083 3691 commemorasse
1110 3630 1262 3695 omnia

249 3731 298 3796 De
322 3731 401 3795 meis
426 3735 533 3794 autern
559 3731 751 3796 coniecturis
775 3754 856 3817 quas
880 3733 986 3816 recepi
1010 3732 1092 3797 scito
1118 3756 1173 3799 me
1204 3737 1312 3821 ipsum

162 3841 290 3923 saepius
314 3859 409 3924 posse
434 3836 576 3902 dubitari
600 3860 667 3902 nou
690 3838 853 3923 ignorare:
876 3838 981 3923 posui,
1004 3840 1163 3923 quoniam
1190 3842 1314 3928 aliquid

160 3946 344 4029 ponendum
368 3950 445 4010 erat.

250 4050 410 4117 Numeros
434 4053 553 4116 retinui
576 4052 866 4118 Fleckeisenianos.

250 4194 376 4260 Dabam
399 4193 495 4259 lenae
519 4217 627 4258 mense
651 4194 832 4278 Septembri
861 4152 972 4260 1879.a

924 4360 1106 4439 Gnoaorvs
1131 4374 1271 4444 Gonra
