2956 5678
162 707 199 760 111
217 707 258 773 n,
278 710 385 760 ee-ea
404 705 453 777 [A]
650 703 815 758 npiuicvs

684 873 784 933 Mnus

741 974 795 1039 Sic
819 972 1006 1058 suspiciost:

163 1081 246 1146 Num
269 1083 328 1166 pro
352 1081 481 1145 fidicine
503 1080 583 1146 haec
606 1080 700 1146 oe'rue
723 1081 922 1165 subpositist
944 1080 1014 1144 tibi.
1255 1096 1308 1145 490

164 1187 276 1270 Sendx,
298 1188 360 1253 tibi
383 1210 420 1252 os
443 1191 492 1251 eet
514 1187 670 1252 sublitum
694 1189 789 1272 plene
812 1188 845 1252 et
867 1187 976 1271 probe.

165 1294 234 1380 Ego
259 1296 349 1359 illim
372 1297 534 1379 requiram
557 1296 621 1359 ium
645 1295 798 1359 ubiubist.

638 1477 834 1536 anuauue

826 1560 998 1643 Bellator,
1020 1560 1103 1628 uule.

168 1666 285 1753 nugae,
309 1673 419 1753 edgw,
442 1667 587 1752 Epidico,
610 1668 733 1753 frugis,
755 1667 951 1754 pugnauisti
974 1667 1107 1751 homo's,

169 1773 227 1851 Qui
250 1796 303 1838 me
326 1774 498 1840 emunxisti
522 1776 686 1841 mdeidum
711 1774 839 1839 minimi
859 1776 950 1859 preti.

168 1880 325 1946 Merodtue
349 1885 381 1946 te
404 1881 531 1946 hodiest
554 1881 592 1946 de
616 1882 730 1946 lenone
753 1880 955 1965 Apoecides?
1258 1897 1311 1945 495

667 2055 810 2114 Fmiomn

169 2157 275 2222 Fando
299 2156 360 2244 ego
383 2159 491 2223 istunc
513 2158 677 2222 hominem
696 2163 873 2241 numquam
892 2158 1002 2222 audiui
1022 2162 1095 2221 ante
1114 2157 1200 2221 hune
1218 2156 1313 2240 diem,

169 2263 280 2348 Neque
303 2264 355 2328 me
377 2264 509 2349 quidem
532 2286 636 2328 emere
660 2263 831 2348 quisquam
854 2263 922 2328 ullu
944 2265 1082 2348 pecunie

169 2371 290 2437 Potuit:
314 2371 388 2456 plue
412 2373 476 2435 iem
499 2394 571 2435 snm
593 2369 697 2435 lstiera
719 2370 984 2454 quinquennium.

641 2536 838 2595 PnuffuAnns

171 2639 253 2716 Quid
275 2638 338 2704 essii
361 2639 504 2725 negotist
527 2638 616 2703 me'ae
639 2637 727 2702 domi
750 2639 875 2725 igitur?

255 2831 320 2884 ME
340 2831 386 2885 Sic
405 2832 555 2901 suspiciost
574 2831 616 2886 B'
633 2834 664 2885 in
682 2849 737 2885 rus.
828 2831 975 2900 suspitioet
995 2832 1030 2884 Ε.
1060 2830 1181 2900 euspicio
1201 2833 1244 2884 eet
1262 2832 1317 2886 JF

255 2912 331 2965 499·
356 2913 404 2965 Ita
426 2914 466 2977 A,
491 2913 548 2966 nisi
573 2913 645 2980 quod
667 2926 721 2965 usu
820 2929 885 2966 nem
910 2911 1076 2981 profidioine
1099 2913 1126 2967 J.
1161 2927 1228 2964 nem
1251 2929 1316 2981 pro-

170 2991 314 3046 fididicinu
333 2995 410 3060 (num
428 3009 479 3060 pro
498 3010 532 3045 m.
550 2998 570 3046 2
587 2995 619 3045 in
637 3009 691 3046 ras.
711 2993 745 3059 cf.
766 2997 828 3061 489)
843 2995 871 3046 Β
930 2993 1023 3063 hec]
1080 3005 1163 3044 cerua
1182 3009 1231 3045 om.
1252 2992 1317 3045 libri

167 3080 274 3140 praeter
293 3072 319 3125 A
410 3071 556 3141 subposita
579 3072 651 3144 estlss
672 3074 747 3140 (sort.
768 3090 784 3125 o
806 3079 886 3140 eruo)
907 3075 941 3127 Β.
971 3072 1117 3141 supposito
1140 3074 1183 3125 eet
1202 3072 1318 3126 FJFZ

257 3156 407 3205 491-590.
431 3153 510 3206 Haec
530 3160 595 3206 oum
617 3155 649 3206 lu
668 3153 757 3207 ΒΕ]
776 3152 874 3206 inilia:
905 3152 1006 3219 Senex,
1030 3151 1166 3217 Bellator,
1191 3150 1244 3216 Qui
1262 3167 1316 3217 me,

169 3231 323 3297 Delenone,
347 3233 420 3285 Ante
439 3232 526 3297 hunc,
551 3232 617 3286 Plus
640 3233 710 3298 ium,
734 3233 839 3286 Audies
859 3233 997 3287 conductu
1069 3237 1129 3285 491.
1153 3233 1200 3285 Ita
1218 3232 1245 3285 A

168 3311 285 3365 eulitum
304 3312 325 3381 (i
343 3331 377 3367 ex
396 3329 413 3364 u
431 3330 500 3367 colu.
519 3331 553 3367 m.
572 3317 602 3381 2)
622 3315 649 3367 Β
729 3312 804 3365 499*
823 3315 869 3367 Ila
888 3315 924 3379 A,
941 3315 998 3366 oni
1016 3314 1089 3381 quod
1107 3325 1318 3366 usnnnnmuou

239 3391 319 3445 PER.
336 3410 439 3461 pram.
460 3392 565 3447 B’FZ.
604 3392 675 3445 MIL.
696 3394 725 3446 Ε
800 3393 851 3446 illo
870 3393 918 3448 B'.
947 3393 998 3446 ille
1016 3394 1057 3447 B¹
1138 3391 1256 3446 ubiubi
1275 3395 1317 3445 eet

169 3472 281 3542 (ubiubi
300 3475 344 3526 eet
358 3474 397 3542 Ε)
416 3474 481 3528 libri
499 3490 560 3527 cum
574 3473 600 3526 A
654 3472 732 3525 PER.
752 3473 877 3527 Bellutor
896 3474 957 3539 ΕΙ,
978 3473 1026 3528 Ge.
1041 3490 1091 3527 om.
1107 3474 1200 3527 ΒΕΖ
1215 3491 1276 3528 oum
1290 3475 1317 3527 A

263 3553 338 3606 499·
356 3555 403 3607 lta
422 3554 463 3619 A,
487 3555 544 3607 nni
567 3554 639 3622 quod
660 3567 790 3608 unumne
813 3561 840 3608 et
854 3567 1127 3608 PUGNASTIHOMOES
1221 3553 1318 3622 Eugue

169 3634 273 3705 eugue]
292 3632 371 3702 Euge
394 3632 499 3705 frugills
516 3636 544 3699 (1
565 3634 615 3686 llll.
635 3650 726 3687 erasa:
751 3650 821 3703 euge
840 3651 908 3688 con.
927 3634 1015 3702 Cane.)
1035 3637 1070 3689 Β.
1099 3649 1170 3702 euge
1188 3633 1262 3702 frugi
1281 3635 1316 3687 F.

168 3730 240 3783 euge
260 3712 341 3783 fruge
360 3716 405 3783 (ge
424 3731 458 3767 ex
475 3713 505 3783 gi
524 3731 557 3767 m.
577 3714 660 3782 3)·E.
690 3730 760 3782 euge
779 3713 860 3784 fruge
877 3716 929 3770 ΒΖ
1011 3713 1116 3784 epidioi
1135 3715 1165 3766 F
1243 3713 1318 3781 frugi

168 3811 198 3847 ee
226 3794 348 3849 EJFZ.
391 3793 467 3864 frugi
496 3811 526 3848 ee
554 3811 587 3848 eu
612 3793 715 3863 frugist
740 3796 768 3848 Β
874 3795 1039 3865 pugnuuieti
1066 3812 1138 3847 niun.
1168 3793 1320 3846 Gameruril

167 3879 201 3930 in
219 3877 255 3931 Β.
288 3875 422 3945 pugnasti
446 3875 510 3928 lilm'
532 3891 593 3929 oum
611 3875 638 3929 A
728 3875 811 3927 homo
837 3890 867 3928 es
889 3878 971 3929 ellam
990 3876 1112 3930 BEJZ.
1146 3873 1272 3927 homines
1290 3873 1322 3926 F

282 3955 361 4009 494}
389 3956 436 4008 Ila
464 3955 505 4020 A,
532 3956 589 4008 niel
615 3956 687 4023 quod
714 3968 873 4009 MUGOIDUM
985 3955 1050 4008 hem
1077 3953 1181 4007 unxisti
1210 3953 1239 4021 (h
1267 3952 1318 4004 del.

168 4054 203 4090 m.
231 4039 259 4104 3)
283 4037 319 4090 Ε.
353 4035 523 4088 emunxisti
548 4037 578 4089 F
678 4035 822 4088 mucidum
847 4036 912 4088 libri
933 4043 1043 4103 praeter
1066 4035 1093 4088 A
1193 4032 1267 4101 preti
1291 4032 1321 4085 Ε

168 4134 232 4170 eum
250 4116 285 4170 A.
315 4115 392 4185 preci
412 4120 496 4184 (sequ.
515 4132 554 4184 sp.
576 4119 647 4168 1—2
665 4116 729 4183 litt.)
749 4117 784 4169 B.
813 4115 901 4185 precii
919 4117 1004 4170 JFZ
1064 4121 1123 4167 495.
1143 4123 1320 4166 nuncnun-

126 4191 130 4197 ’
169 4208 705 4262 usuunnonmusmnonuneouumns
724 4196 752 4248 A
827 4196 911 4249 hodie
930 4198 973 4248 est
991 4196 1057 4248 libri
1132 4193 1273 4245 Delenone
1293 4193 1320 4246 B

242 4275 431 4345 upoetidesl
499 4275 574 4329 496?
593 4277 639 4329 Ita
658 4278 694 4342 A,
712 4278 769 4329 niel
786 4277 859 4345 quod
876 4288 1004 4327 moun
1076 4274 1172 4327 Fando
1193 4273 1337 4342 Geppert.v

168 4356 301 4409 Euudum
321 4357 389 4411 E‘J.
417 4357 489 4410 idm
511 4362 542 4410 ul
565 4357 619 4410 oid.
639 4363 702 4410 ante
719 4374 774 4410 ras.
795 4358 829 4411 B.
863 4355 992 4408 Ehodum
1011 4355 1043 4425 (E
1065 4374 1077 4410 e
1096 4371 1163 4411 corr.
1183 4361 1208 4410 et
1231 4355 1267 4408 ho
1290 4355 1321 4406 in

168 4454 226 4492 rae.
246 4455 280 4490 m.
299 4440 329 4506 2)
349 4438 376 4491 Β
391 4443 455 4506 poet
473 4452 540 4492 corr.
572 4435 699 4489 Eundem
717 4438 747 4489 Z.
780 4435 930 4490 Ehendum
948 4435 998 4488 13³.
1027 4435 1154 4488 Eundem
1172 4436 1203 4488 F
1268 4451 1320 4506 ego

169 4533 222 4572 oen.
243 4518 273 4571 F
343 4517 436 4570 istunc
455 4520 503 4583 (ne
521 4534 555 4572 ex
573 4535 602 4570 m
620 4522 701 4584 corr.)
722 4519 749 4571 Β
826 4531 950 4585 unquam
969 4517 1000 4568 Z.
1028 4531 1171 4583 nunquam
1191 4533 1223 4569 ex
1241 4534 1320 4568 num-

169 4615 258 4667 quam
276 4596 327 4651 E⁸.
355 4613 499 4666 nunquam
520 4597 550 4651 F
644 4602 703 4650 497.
729 4598 775 4651 Ita
794 4598 834 4661 A,
856 4598 914 4650 nuti
932 4595 1003 4663 quod
1021 4609 1160 4657 nomnen
1258 4596 1321 4664 quis

168 4694 258 4748 quem
278 4680 305 4732 B
386 4677 526 4732 498.·1ta
544 4679 571 4731 A
653 4677 844 4746 quinquennio
862 4693 930 4730 corr.
950 4675 992 4728 Ε8
1072 4682 1132 4728 499.
1152 4677 1199 4730 Itu
1217 4677 1244 4729 A

168 4759 213 4812 ΕΙ.
231 4775 335 4827 praem.
357 4757 399 4811 Ε8
478 4757 575 4827 negoti
599 4759 641 4811 est
661 4760 695 4811 E.
725 4757 832 4826 negotii
854 4758 897 4810 eet
915 4758 1004 4811 BJZ.
1032 4756 1142 4825 negocii
1162 4758 1204 4810 est
1223 4757 1253 4810 F

170 4855 234 4910 mee
255 4838 350 4892 BEJ.
379 4854 440 4891 mee
460 4839 490 4892 F

227 4938 321 4976 vaui
335 4937 459 4978 Ilnmievo.
1094 4935 1109 4981 ὁ
