2956 5678
162 341 224 406 196
598 336 860 394 nmmoounun

161 512 194 571 et
216 503 306 569 LXV
329 502 480 568 Donato
509 499 555 587 (p.
574 501 638 567 348
664 506 696 566 et
719 502 798 567 361:
825 502 906 566 illud
934 503 1075 567 fortasse
1102 524 1141 566 ex
1165 500 1308 575 Verrio

161 611 300 687 Flacco
325 609 531 675 derivandum
556 631 627 673 esse
651 608 785 692 exposui
808 607 878 673 Ind.
897 607 965 674 len.
984 630 1012 672 a.
1033 606 1180 692 1885J86
1205 632 1236 692 p.
1250 608 1309 696 V),

159 719 343 802 fragmenta
355 716 475 781 LXXII
491 713 535 802 (p.
546 718 613 782 330
626 720 660 780 et
673 716 764 801 332),
776 714 919 779 LXVIII
934 713 980 802 (p.
990 712 1080 801 333),
1095 713 1178 780 Dub.
1188 715 1308 801 fragm.

162 824 225 889 VIl
244 822 288 910 (p.
304 822 383 910 333)
407 823 744 888 obtrectatoribus
768 822 946 906 Vergilii.
982 820 1031 886 De
1048 821 1216 887 nonnullis
1235 845 1307 888 rem

162 932 350 1017 perdabiam
383 952 452 995 esse
480 930 550 1013 ipse
578 930 718 1013 scriptor
745 930 884 994 monuit:
917 929 1002 1012 quod
1035 950 1309 995 commemorasse

162 1039 241 1102 satis
261 1037 374 1102 habeo.
388 1074 426 1083 -
440 1036 491 1101 Ad
509 1036 703 1101 brevioris
723 1034 825 1100 Servii
844 1035 1031 1101 testimonia
1046 1037 1203 1101 accedunt
1221 1059 1308 1122 quae

162 1143 318 1210 Servius
343 1144 494 1228 plenior
514 1144 600 1207 solus
620 1143 728 1207 habet.
759 1141 865 1225 Quem,
881 1165 953 1208 cum
973 1166 992 1207 a
1011 1143 1152 1229 genuino
1171 1141 1310 1211 Servio

162 1246 352 1315 disiunxeril
371 1249 495 1332 Tunc,
520 1272 620 1334 nuper
640 1249 830 1315 Anaaaovs
854 1249 1027 1315 Montana
1049 1247 1197 1337 (Quaest
1220 1249 1310 1316 Serv.

162 1358 209 1423 ed.
229 1357 336 1421 Kilon.
360 1381 387 1423 a.
409 1355 510 1444 1882)
533 1357 612 1421 duce
637 1379 675 1420 ex
700 1362 791 1439 parte
814 1356 1078 1422 Narruasnuuo
1103 1354 1223 1441 (‘Loct
1243 1358 1310 1423 and

162 1462 246 1529 Esa'
269 1488 298 1549 p.
318 1464 383 1530 325
398 1463 480 1549 sqq.)
504 1465 608 1528 denuo
632 1486 669 1551 co
694 1464 853 1547 pervenit,
877 1469 914 1528 ut
937 1463 1133 1548 ‘pleniorem
1157 1461 1309 1529 Servium

162 1577 219 1636 aut
242 1570 405 1654 exemplar
429 1571 641 1655 archetypum
662 1592 733 1635 cum
754 1570 893 1655 amplius
913 1576 982 1635 tum
1005 1571 1135 1654 planius
1158 1569 1311 1636 breviore

162 1676 274 1743 Servio
299 1698 446 1743 servasse
469 1682 526 1744 aut
549 1678 672 1743 fontem
698 1680 794 1761 atque
824 1681 988 1742 auctorem
1017 1677 1245 1742 commentarii
1268 1678 1310 1742 ab

162 1783 219 1849 illo
234 1784 394 1849 decurtati
408 1784 524 1849 fuisse’
540 1784 603 1849 sibi
618 1784 834 1868 persuaderet.
869 1783 940 1859 Qua
954 1785 987 1848 in
1002 1806 1036 1848 re
1049 1784 1154 1850 virum
1175 1784 1310 1850 doctum

163 1891 350 1977 opinionem
374 1893 527 1957 fefellisse
551 1891 715 1955 existimo:
741 1895 827 1955 certe
849 1891 914 1957 loci
939 1892 1055 1976 quibus
1078 1914 1156 1957 usus
1179 1891 1231 1956 vel
1256 1913 1312 1976 po-

164 1999 229 2064 tius
249 2000 369 2063 abusus
389 2000 498 2064 estad
518 2020 607 2063 stram
628 1997 821 2062 sententiam
843 1998 1038 2063 fulciendam
1058 2002 1115 2063 aut
1134 1997 1217 2063 nihil
1237 2020 1312 2083 pro·

163 2106 243 2170 bant
262 2111 319 2170 aut
341 2127 405 2170 uon
430 2106 461 2170 id
481 2106 714 2187 demonstrant,
736 2103 822 2189 quod
842 2103 1128 2169 demonstrandum
1154 2104 1219 2170 sibi
1238 2127 1313 2191 pro-
1390 2140 1392 2145 ·

163 2217 317 2296 posuerat
340 2215 487 2298 scriptor.
524 2213 721 2298 Fragmenta
740 2216 846 2276 autem
868 2234 950 2297 quas
973 2212 1126 2296 plenior
1148 2210 1312 2279 Servius
1377 2210 1383 2219 ’

164 2319 253 2384 addit
284 2320 367 2385 unde
401 2326 529 2404 sumpta
562 2320 628 2384 siut
660 2320 834 2383 nescimus:
870 2340 908 2383 ex
938 2319 1081 2403 perbono
1112 2340 1150 2383 ea
1177 2318 1313 2387 fluxisse

162 2427 253 2492 fonte
278 2465 317 2473 —
350 2429 501 2491 nimirum
535 2449 572 2490 ex
607 2422 827 2509 grammaticis
859 2425 952 2490 libris
981 2463 1020 2473 —
1046 2425 1225 2492 Wluruuo
1259 2427 1315 2492 ad-

165 2534 294 2598 sentior.
773 2592 779 2603 ,

254 2640 302 2703 De
326 2638 505 2702 Charisio
529 2641 549 2718 g
569 2640 590 2701 5
614 2638 694 2701 satis
719 2639 798 2703 mihi
822 2638 928 2725 egisse
948 2638 1119 2704 videor.—
1135 2638 1314 2708 Donatus

165 2767 246 2830 quae
267 2743 370 2808 adfert
389 2745 497 2808 nescio
518 2767 560 2808 an
579 2767 617 2808 cx
637 2750 728 2828 parte
753 2745 1044 2811 commentariis
1068 2746 1191 2812 debeat.
1204 2784 1244 2795 -
1261 2747 1315 2814 De

166 2850 348 2914 Diomede
371 2872 473 2933 pauca
498 2851 615 2915 dixisse
640 2852 788 2917 sufficiet.
825 2852 953 2915 Etenim
974 2874 1056 2937 quae
1079 2875 1110 2937 p.
1125 2854 1201 2940 383,
1217 2855 1260 2921 15
1279 2861 1316 2921 et

163 2958 243 3039 401,
263 2957 284 3021 5
307 2955 419 3039 habet,
448 2958 525 3021 item
549 2982 579 3043 p.
600 2957 678 3042 345,
698 2958 721 3023 5
749 2962 781 3021 ct
805 2959 883 3041 368,
903 2959 960 3040 25,
987 2960 1083 3024 unius
1111 2982 1181 3025 esse
1209 2962 1315 3027 fontis

166 3086 205 3127 cx
229 3065 275 3127 cis
300 3085 381 3147 ques
401 3062 545 3129 Ka1L1vs
570 3064 688 3129 G.L.1
708 3089 737 3148 p.
752 3064 794 3128 LI
810 3088 855 3149 sq.
880 3070 914 3131 et
933 3063 1101 3132 Sruvmvs
1125 3090 1155 3151 p.
1167 3067 1234 3133 190
1244 3090 1317 3155 sqq.

167 3176 385 3254 exposuerunt
407 3170 576 3254 probabile
601 3193 671 3235 esse
695 3171 859 3237 existimo:
883 3195 966 3257 quae
989 3179 1097 3238 utrum
1121 3195 1161 3239 ex
1183 3172 1316 3259 Capro

167 3300 206 3341 an
240 3298 277 3343 ox
310 3277 381 3361 ipso
411 3276 537 3341 Probo
571 3275 637 3363 (vel
666 3275 810 3365 Plinio)
839 3277 1041 3344 Diomedes
1074 3281 1229 3364 petiuerit
1261 3302 1316 3347 ex·

168 3383 299 3467 pediant
323 3383 378 3467 qui
407 3388 502 3447 nocte
531 3384 603 3467 plus
633 3406 728 3468 quarn
759 3384 809 3448 die
838 3385 954 3449 vident.
1002 3386 1049 3450 De
1076 3385 1149 3451 loco
1177 3387 1236 3472 qui
1264 3394 1319 3454 est

166 3515 197 3576 p.
215 3490 289 3571 458,
310 3490 352 3555 25
384 3490 423 3555 cf.
448 3512 529 3573 quae
553 3513 651 3575 supra
675 3491 741 3554 dixi
766 3491 804 3554 de
829 3489 962 3556 Servio
991 3498 1024 3556 et
1046 3492 1148 3558 dicam
1173 3493 1215 3559 de
1237 3492 1318 3560 Isi-

166 3599 355 3678 dmogl

257 3703 345 3779 Quae
370 3704 523 3768 Plotius
548 3701 736 3769 Sacerdos
760 3728 790 3788 p.
809 3707 883 3789 472,
904 3706 946 3771 25
971 3704 1027 3789 (=
1043 3706 1160 3771 Probi
1183 3706 1320 3779 cathol.

168 3836 199 3895 p.
218 3814 247 3879 8.
266 3810 302 3896 4)
327 3817 358 3874 et
381 3833 411 3894 p.
430 3810 505 3892 491,
523 3812 545 3874 4
570 3812 625 3894 (=
642 3809 757 3875 Probi
782 3809 907 3877 Oathol.
922 3837 952 3897 p.
967 3814 1020 3896 38,
1034 3813 1091 3897 32)
1114 3813 1227 3895 tradit,
1251 3838 1321 3883 una

170 3940 240 3980 curn
265 3917 311 3980 eis
341 3941 423 4001 quae
447 3917 648 3985 Charisius
672 3941 703 4002 p.
722 3919 775 4002 59,
796 3921 833 3983 11
852 3942 920 4004 sqq.
947 3919 1046 3984 habet
1077 3920 1320 4004 antiquissimis

169 4023 391 4107 grammaticis
416 4024 587 4089 tribuenda
611 4029 700 4104 sunt;
724 4026 801 4117 item
827 4048 907 4109 quae
933 4026 971 4090 de
990 4030 1060 4091 cette
1084 4025 1212 4110 profert
1229 4028 1321 4095 ideni
1384 4038 1392 4063 ¹

168 4129 322 4194 Plotius
342 4152 412 4193 curn
433 4129 634 4215 Cledoui0‚
655 4130 848 4215 Pompeio,
873 4132 1005 4198 Phoca.
1022 4170 1064 4178 —
1079 4131 1128 4197 De
1146 4131 1173 4197 F
1179 4134 1322 4221 ulgen·

167 4238 224 4301 tio
253 4238 333 4301 nihil
368 4238 471 4302 babeo
500 4238 584 4320 quod
618 4238 855 4302 addam-De
879 4238 1066 4304 Macrobii
1089 4240 1198 4305 tribus
1222 4243 1322 4308 testi-

170 4343 285 4406 moniis
310 4344 390 4407 nihil
416 4344 577 4407 affirmare
601 4367 783 4427 possumus.

259 4448 305 4512 De
321 4449 521 4551 Prisc-iano
541 4451 735 4515 conferenda
751 4456 826 4515 sunt
841 4475 923 4535 quae
941 4455 961 4533 ,8,
975 4454 996 4517 4
1011 4453 1155 4535 exposui.
1179 4452 1322 4522 Praeter
