2956 5678
264 1644 332 1714 Arp.
347 1646 374 1698 2.
407 1641 494 1697 ulium
508 1644 556 1712 qui
576 1645 782 1700 conducticism
798 1647 931 1718 Pylades:
949 1649 1023 1703 uude
1036 1649 1085 1718 qui
1100 1649 1186 1704 sliam
1201 1668 1224 1705 a.
1257 1653 1321 1706 olim

178 1724 256 1779 edidi.
291 1725 340 1794 qui
359 1723 484 1794 aliquam
504 1742 533 1786 a,
566 1725 645 1794 Opia
663 1726 740 1781 Stud.
761 1728 839 1795 Lips.
859 1735 877 1782 t.
897 1730 947 1782 IV
957 1746 986 1796 p.
1005 1734 1061 1783 253
1086 1732 1132 1798 (cf.
1152 1749 1175 1785 o.
1196 1737 1247 1785 312
1261 1737 1320 1802 sa).

177 1804 225 1874 qui
249 1821 338 1874 seque
365 1822 387 1859 o.
413 1805 538 1875 Geppert.
576 1810 661 1875 atque
685 1806 761 1860 idem
787 1824 809 1860 c.
834 1808 956 1878 Seyffert.
993 1813 1078 1878 atque
1104 1811 1272 1865 conductam
1298 1813 1322 1867 is

176 1884 200 1938 is
222 1883 309 1939 uliam
328 1885 411 1940 Klots
429 1887 499 1940 Nou.
519 1888 614 1941 auual.
634 1893 651 1941 t.
669 1887 802 1942 CXLIII
824 1893 862 1955 (a.
885 1893 967 1955 1891)
988 1907 1017 1957 p.
1038 1891 1115 1945 829¹.
1153 1895 1238 1960 atque
1257 1909 1322 1946 con-

177 1966 290 2020 ductum
312 1966 432 2020 alterum
450 1967 514 2022 Leo.
552 1969 637 2035 atque
658 1967 682 2021 is
701 1968 869 2022 conductam
892 1968 1037 2023 mulierem
1057 1971 1216 2040 Hesperia
1235 1974 1320 2041 Epid.

172 2064 201 2116 p.
221 2051 246 2102 8.
286 2047 327 2114 Cf.
347 2046 452 2103 Schoell
472 2047 520 2101 Ἥ.
541 2045 664 2102 Heidelb.
684 2049 792 2104 Jahrb!
814 2050 852 2102 II
862 2066 891 2118 p.
912 2054 955 2104 45.

263 2128 330 2198 Arp.
351 2131 374 2182 3.
414 2127 439 2181 ei
464 2127 590 2182 subiecit.
628 2127 686 2182 filio
710 2146 771 2182 cum
793 2146 817 2182 v.
842 2136 858 2182 4
881 2131 998 2200 irmpeus
1022 2130 1202 2186 Camerarius.
1240 2133 1320 2200 gnati

175 2207 201 2261 ei
219 2205 331 2262 nibisis.
367 2207 426 2262 filio
443 2207 473 2262 O.
489 2209 656 2279 Brupmauu
674 2207 738 2262 diss.
754 2227 784 2279 p.
800 2215 841 2263 11.
880 2210 1001 2264 subiecit
1019 2211 1044 2264 ei
1064 2229 1114 2281 pro
1133 2213 1225 2266 amisa
1242 2213 1321 2280 Opitz

175 2288 192 2342 l.
210 2304 230 2343 s.
250 2305 272 2344 s.
287 2306 317 2358 p.
335 2291 399 2344 273.
437 2288 482 2344 De
504 2288 531 2342 ei
552 2289 724 2359 prortomiuis
745 2306 873 2344 memura
896 2291 931 2356 cf.
955 2308 1013 2361 arp.
1037 2292 1113 2346 Tria.
1134 2308 1157 2346 a.
1178 2297 1202 2345 6.
1240 2294 1322 2348 Nihil

175 2369 233 2440 opit
251 2368 362 2439 Hesper
376 2386 405 2438 p.
425 2372 451 2423 8.

262 2450 330 2519 Arp.
350 2454 375 2503 1.
413 2449 457 2503 De
476 2448 538 2504 erili
556 2450 591 2515 cs.
611 2466 668 2519 arp.
689 2451 788 2504 Pseud.
808 2452 828 2504 I
843 2468 866 2504 a.
888 2456 911 2503 6.
933 2483 965 2490 -
985 2453 1042 2506 Ρνο
1061 2469 1094 2506 eo
1114 2455 1246 2521 proponit
1264 2471 1320 2523 quo

177 2529 205 2584 0.
224 2532 392 2600 Brupmaua
411 2530 427 2583 l.
447 2546 467 2584 s.
487 2547 508 2584 s.
527 2546 553 2597 p.
575 2534 624 2596 11;
642 2530 705 2584 item
726 2530 805 2598 Cpits
820 2547 848 2599 p.
868 2534 932 2584 273.

262 2611 329 2680 Arp.
346 2613 371 2664 5.
409 2628 472 2664 mox
492 2625 667 2679 compressae
686 2611 819 2681 Pylades:
838 2628 915 2680 queem
932 2613 996 2665 olim
1015 2618 1122 2666 secutus
1140 2629 1207 2667 sum.
1246 2630 1319 2667 com-

174 2706 284 2759 pressae
304 2692 389 2760 slque
408 2691 548 2745 Abraham
569 2691 647 2745 Stud.
667 2691 710 2744 Pl.
730 2708 756 2758 p.
775 2694 839 2745 220.

261 2773 329 2840 Arp.
350 2776 374 2825 7.
413 2771 453 2823 ita
479 2770 549 2823 haec
573 2771 691 2825 Mueller
710 2771 799 2825 ‘Peos
820 2772 875 2826 Pl.’
901 2790 930 2840 p.
956 2775 1025 2839 685,
1055 2772 1134 2840 Opite
1153 2790 1183 2840 p.
1201 2777 1264 2826 274.
1285 2805 1318 2814 -

174 2851 353 2921 quaeritabat
372 2852 560 2906 Camerarius:
579 2868 656 2918 quem
674 2853 738 2904 olim
757 2858 863 2905 secutus
881 2870 948 2906 sum

261 2934 329 3002 Arp.
340 2937 365 2986 8.
386 2934 473 3000 gusta
488 2931 604 2985 inuenta
615 2932 743 3003 Pylades,
753 2931 918 2986 Ritsclrelius
929 2931 977 3000 Op.
990 2933 1058 3000 Hp.
1069 2936 1130 2986 415.
1152 2933 1193 3000 Cf.
1202 2933 1320 2988 Mueller

174 3014 262 3068 ‘Pras
281 3013 336 3067 Pl.’
353 3029 382 3081 p.
403 3016 465 3065 359.

263 3099 349 3160 lsqq.
399 3091 531 3146 Scaeuam
561 3093 667 3160 iusipui
693 3097 838 3146 metrorum
864 3094 995 3146 uarietate
1022 3093 1210 3160 compositam,
1237 3111 1319 3161 meam

172 3175 251 3227 meris
270 3174 400 3227 trochaeis
419 3174 512 3240 (usque
531 3173 568 3224 od
586 3188 609 3224 a.
628 3176 672 3238 81)
692 3173 866 3240 discripserat
880 3172 914 3226 R.
932 3172 1049 3226 Mueller
1069 3173 1112 3225 ‘de
1126 3174 1169 3227 Pl.
1186 3173 1317 3242 Epidico'

168 3272 196 3324 p.
215 3258 252 3307 24
263 3270 327 3321 sqq,
349 3254 466 3306 tractari
484 3252 568 3306 Amal.
589 3252 681 3305 Plout.
699 3271 727 3320 p.
748 3257 802 3305 117
810 3269 864 3320 sqq.
903 3253 969 3306 Post
988 3271 1025 3306 me
1045 3270 1099 3305 rem
1117 3255 1255 3306 autricum
1273 3271 1318 3308 ex-

168 3336 327 3403 plicuerunt
354 3331 469 3403 Speupel
493 3332 739 3398 ‘Resormoorsolel.'
767 3350 795 3400 p.
824 3336 892 3397 369,
921 3333 977 3386 Leo
1005 3333 1080 3386 Mus.
1107 3333 1194 3387 Eheu.
1219 3339 1236 3388 t.
1262 3334 1318 3388 XL

170 3417 312 3479 (arses)
329 3431 359 3481 p.
375 3418 475 3481 srsqq.
496 3415 535 3478 (9,
553 3416 599 3477 25,
617 3416 663 3477 ss,
683 3416 728 3477 52,
747 3416 791 3477 57,
811 3416 856 3477 er,
876 3416 935 3478 es),
953 3413 986 3465 oe
1004 3414 1100 3467 cautu.
1116 3431 1145 3481 p.
1164 3419 1191 3479 s,
1209 3417 1254 3479 so,
1273 3420 1317 3468 se.

260 3498 355 3547 5-12.
404 3493 502 3546 Versus
528 3511 545 3547 o
570 3499 744 3546 retractatam
770 3492 878 3547 additos
903 3510 957 3546 esse
982 3493 1138 3561 suspicatur
1164 3493 1319 3548 Reiulrardt

168 3576 239 3629 Nou.
263 3592 328 3627 auu.
351 3580 368 3627 t.
390 3573 461 3627 CXI
483 3577 520 3639 (a.
543 3576 629 3639 1875)
651 3591 679 3640 p.
700 3577 755 3626 199
779 3573 825 3638 (cs.
847 3573 957 3641 Hasper
971 3590 1000 3640 p.
1021 3576 1052 3638 9,
1075 3574 1192 3644 Laupeu
1212 3575 1316 3628 ‘Plaut

168 3655 260 3709 Stud’
288 3672 316 3721 p.
341 3657 413 3718 288,
440 3654 587 3707 Erauclseu
612 3653 743 3706 Macmos.
769 3659 786 3705 t.
808 3653 869 3706 VII
885 3669 913 3720 p.
934 3657 1016 3718 tem:
1044 3661 1139 3707 contra
1167 3655 1319 3721 disputavit

167 3735 348 3804 Sclirediuper
362 3733 436 3798 (om.
452 3734 484 3786 im
500 3733 530 3786 T.
547 3733 588 3785 Μ.
604 3733 647 3787 Pl.
664 3732 826 3800 Epidicum)
843 3749 872 3799 p.
892 3735 937 3797 21,
957 3737 993 3785 67
1001 3749 1039 3800 sq.
1078 3733 1194 3786 l'iuculo
1213 3735 1317 3788 laxiore

166 3816 224 3869 ioci
241 3815 349 3869 serviles
367 3814 463 3867 corusci
479 3814 614 3867 uideatur.
654 3813 695 3878 Cf.
717 3817 827 3865 12-19.

261 3899 284 3947 5.
309 3893 395 3947 Recte
414 3896 495 3947 etiamr
514 3892 636 3962 Scoliper
654 3894 722 3962 (siue
741 3891 828 3960 satis).
861 3892 902 3958 Cf.
918 3893 1002 3946 Amal.
1018 3893 1060 3947 Pl.
1073 3909 1103 3960 p.
1118 3896 1181 3957 104,
1200 3893 1317 3962 Laupem

167 3975 282 4030 ‘Beita’
300 3991 328 4042 p.
348 3977 393 4039 24,
413 3974 500 4028 Baicr
518 3973 551 4026 de
569 3974 612 4027 Pl.
632 3974 688 4039 fals.
707 3989 757 4027 rec.
776 3990 804 4039 p.
825 3976 884 4025 144.

260 4058 284 4106 7.
314 4056 437 4108 ceterum
461 4052 536 4121 quod
561 4070 617 4106 uou
642 4059 710 4107 recte
733 4053 844 4106 tutabor
863 4052 947 4106 Amal.
968 4052 1010 4104 Pl.
1028 4068 1056 4120 p.
1077 4056 1122 4105 85.
1150 4082 1182 4089 -
1208 4067 1241 4103 eo
1264 4051 1314 4104 del.

166 4136 318 4198 Gruterus,
341 4151 419 4202 quem
441 4134 522 4187 multi
543 4135 627 4186 secuti
644 4139 715 4187 suut.
754 4131 898 4185 coadsolet
916 4133 1077 4186 Acidalius:
1099 4148 1176 4199 quem
1194 4131 1258 4184 olim
1276 4146 1315 4185 se·

163 4222 248 4271 cutus
264 4231 332 4268 sum.
372 4213 457 4278 Quid,
477 4215 600 4266 ceterum
619 4213 694 4282 quod
714 4230 745 4266 eo
765 4212 833 4265 addi
852 4212 924 4266 uolet
944 4213 1048 4281 Vssiup.
1088 4212 1129 4277 Cf.
1148 4228 1171 4263 o.
1193 4216 1216 4262 8.

258 4301 282 4347 8.
316 4292 368 4347 tibi
393 4294 461 4347 delet
483 4293 619 4346 Dziatelro
643 4292 713 4346 ‘Jeu
738 4294 805 4346 Litt.
830 4294 873 4347 Z?
898 4311 922 4345 a.
949 4297 1022 4345 1879
1042 4309 1070 4359 p.
1095 4294 1159 4344 238.
1184 4323 1216 4330 -
1242 4290 1315 4356 Quid

162 4379 292 4430 ceterum
316 4373 392 4441 quod
419 4389 451 4426 eo
478 4372 599 4426 adsolet:
634 4370 719 4426 ‘Cena
742 4373 794 4426 tibi
819 4371 964 4425 dabitur’?
1000 4370 1052 4424 ΕΡ.
1078 4371 1214 4440 Spondeo.
1257 4370 1313 4426 TH.

162 4455 260 4522 Quid?
298 4453 350 4506 ΕΡ.
371 4453 416 4507 Me
440 4469 496 4507 acc.
521 4455 577 4507 Leo
601 4454 631 4506 im
655 4454 734 4506 adm:
757 4454 829 4521 quod
844 4453 1001 4520 probarem,
1024 4453 1049 4506 si
1068 4454 1191 4505 ceterum
1208 4453 1314 4506 ‹leceset

258 4541 281 4587 9.
323 4534 420 4587 Totum
439 4550 461 4588 o.
482 4535 603 4602 Epidico
625 4534 723 4586 tribuit
743 4533 874 4600 Geppert:
897 4534 954 4600 ipse
977 4539 1059 4585 autea
1082 4532 1211 4585 librorum
1230 4534 1314 4600 scrip·

160 4625 258 4671 turum
273 4615 411 4684 dederam.
450 4613 617 4683 Exemplum
636 4613 733 4666 adesse
752 4613 885 4680 intellege
904 4617 1039 4680 respectat
1054 4613 1118 4665 Leo.
1134 4643 1167 4650 —
1183 4611 1315 4680 Eugepae

161 4696 358 4759 Camerarius,
381 4694 540 4759 Acidaliae,
568 4694 609 4748 Ge
634 4695 705 4747 olim.
752 4693 792 4758 Cf.
820 4692 997 4762 Sclrrediuper
1017 4710 1047 4760 p.
1075 4695 1120 4757 67,
1145 4691 1316 4745 Studemuud

159 4777 243 4831 Stud.
265 4775 285 4827 1
301 4777 357 4827 520
375 4773 450 4840 adm,
469 4774 507 4828 H.
522 4774 617 4828 Weber
635 4774 733 4828 Plu'lol.
754 4780 770 4826 t.
791 4772 886 4825 LVII
901 4776 938 4838 (a.
959 4777 1046 4838 1888)
1063 4789 1091 4840 p.
1111 4774 1228 4839 243sqq.

258 4861 299 4906 11.
338 4853 382 4906 De
402 4854 579 4908 Ambrosr'aui
600 4857 737 4921 scripturo
760 4860 784 4906 et
804 4852 906 4906 Setaea
925 4853 987 4912 rN.
1010 4852 1132 4905 Heidelb.
1152 4851 1259 4904 Jahrb!
1280 4852 1319 4904 II

156 4957 189 5008 p.
212 4941 246 4990 ts
257 4941 309 5003 sa.)
330 4940 355 4987 et
372 4933 487 5002 Seyffert
505 4934 645 4986 dictitaret:
666 4935 712 4986 ulri
731 4933 922 5001 deperdidisse
943 4933 1129 4997 Cerruerarius,
1147 4931 1240 4985 hercle
1256 4931 1313 4984 iam
