2956 5678
145 804 225 860 Ptol.
245 811 353 859 61-63
616 801 837 858 MENAECHMI

145 967 182 1034 Si
208 966 285 1052 quia
310 967 385 1053 quid
409 971 556 1032 uestrum
579 966 754 1049 Epidamni
778 964 885 1031 curari
906 966 968 1031 sibi

145 1072 257 1158 Velit,
281 1073 433 1138 audacter
456 1072 615 1157 imperata
639 1077 673 1137 et
696 1070 808 1137 dicito:

145 1180 213 1246 Sed
239 1181 348 1244 itaut
370 1181 437 1264 det,
460 1179 543 1243 uude
567 1179 672 1244 curari
696 1179 728 1243 id
751 1176 857 1263 possit
879 1179 952 1243 sibi.

145 1287 238 1352 Nam
264 1286 330 1351 nisi
352 1287 407 1372 qui
431 1290 601 1372 argentum
624 1285 763 1370 dederit,
786 1305 892 1369 nugas
916 1287 1034 1370 egerit:

145 1394 213 1470 Qui
239 1394 378 1477 dederit,
402 1392 506 1478 magis
531 1391 670 1458 maldras
695 1413 798 1477 nugas
823 1393 933 1477 egerit
1264 1410 1296 1458 aa

145 1501 276 1565 Verum
299 1498 381 1564 illuc
405 1498 514 1577 redeo,
538 1498 621 1564 unde
646 1498 726 1581 abii,
750 1502 846 1583 atque
870 1522 935 1564 uuo
960 1500 1054 1565 adsto
1078 1499 1109 1564 r‘n
1135 1498 1231 1586 loca.)

145 1605 419 1692 Flpidrtmniensia
443 1603 518 1686 r'lle,
543 1627 637 1689 quem
662 1604 782 1670 dudum
806 1604 964 1688 dixeram,

145 1714 338 1798 [Geminum
362 1711 459 1776 illum
482 1734 619 1796 puerum
642 1711 699 1797 qui
721 1714 889 1797 surrupuit
912 1714 1062 1797 alterum,

145 1822 190 1886 ni
215 1819 409 1903 liberorum,
432 1815 497 1882 nisi
521 1818 666 1901 diuitiae,
689 1817 741 1883 n1'l
766 1817 859 1903 erat.)

145 1929 301 2011 Addptat
324 1927 416 1990 illum
440 1931 575 2010 prierum
598 1924 826 2011 surrupticium

145 2036 223 2102 Sibi
247 2033 357 2098 filium
380 2034 473 2116 eique
496 2034 630 2097 uxbrem
654 2031 799 2097 dotatam
823 2033 927 2116 dedit,

145 2144 304 2226 Eumque
327 2141 476 2204 heredem
501 2139 591 2222 lecit,
615 2161 713 2222 quom
737 2139 807 2223 ipae
831 2139 914 2204 obiit
937 2141 1031 2206 diem.

145 2249 253 2337 (Nam
278 2255 332 2313 riis
355 2251 392 2312 ut
414 2247 485 2312 ibat
507 2246 605 2331 farte,
628 2251 664 2310 ut
687 2247 823 2311 multum
847 2248 987 2332 pluerat,

145 2431 366 2438 ..-—-——--.-—-

145 2531 204 2585 nim
226 2529 330 2583 dicitnr
348 2530 505 2584 examinate
527 2529 563 2583 ad
584 2530 710 2599 reguiam
731 2527 775 2582 uel
795 2532 1004 2598 coagmentum
1024 2535 1068 2587 est
1086 2535 1160 2589 enim
1179 2536 1298 2591 amussis

145 2611 253 2681 regula
271 2609 427 2677 fabrorum,
451 2628 534 2679 quam
552 2608 700 2665 architecti
724 2627 785 2663 cum
805 2625 875 2678 opus
899 2612 1020 2678 probant
1038 2612 1150 2669 rubrica
1168 2613 1299 2670 inlinunt.

145 2691 272 2745 Plautus
286 2732 293 2745 .
309 2733 315 2744 .
331 2731 337 2742 .
353 2733 359 2744 .
374 2689 449 2744 idem
473 2689 659 2744 Menaechmis
684 2689 736 2741 ‘ut
759 2690 844 2743 hanc
863 2731 869 2743 .
887 2729 893 2742 .
910 2732 938 2743 ..
959 2690 1150 2762 disputem'
1257 2701 1299 2750 63.

148 2771 317 2826 Omiscatiue
335 2777 387 2824 art.
404 2789 432 2840 p.
454 2775 517 2835 378,
535 2774 572 2824 32
581 2770 632 2823 Is:
653 2771 718 2822 aunt
737 2769 821 2823 ctiam
843 2772 984 2838 praesenti
1004 2773 1123 2841 tempori
1143 2777 1171 2828 et
1189 2777 1299 2843 praete·

147 2853 207 2906 rito
228 2851 354 2921 perfecto
373 2850 511 2919 quaedam
536 2851 621 2903 uerba
640 2848 806 2915 communia,
831 2851 862 2902 ut
881 2849 1005 2905 incendit
1031 2852 1125 2906 obruit
1142 2852 1216 2922 pluit
1235 2854 1299 2909 cuit.

147 2934 224 2987 haec
254 2930 329 2984 enim
358 2931 435 2985 nulla
461 2933 571 2984 mutata
597 2930 752 2999 praesentis
780 2928 917 2997 temporie
941 2930 1030 2985 forma
1057 2931 1085 2985 in
1112 2933 1299 2988 declinatione

242 3221 285 3270 51.
306 3217 429 3270 uestrum
447 3217 522 3284 libr-i,
541 3217 598 3270 aiei
615 3216 687 3284 quod
705 3191 812 3271 ueetrln
828 3216 858 3281 0,
877 3222 937 3269 urm
957 3218 986 3270 D
1065 3217 1206 3287 epidamni
1226 3221 1298 3274 codi-

149 3314 193 3351 cec
209 3296 334 3365 Pyladis.
373 3296 552 3364 epidamnum
566 3296 694 3352 BGDZ.
732 3296 900 3365 epidamnum
912 3297 942 3350 F
981 3296 1035 3351 cibi
1049 3300 1058 3366 ΙΙ
1072 3296 1151 3353 Velit
1169 3300 1300 3354 audacter

151 3378 196 3432 a:
221 3395 245 3430 a.
278 3377 351 3430 Prcl.
382 3377 459 3432 Tria.
482 3395 512 3445 p.
542 3376 749 3432 CLXXXIII.
788 3376 842 3430 sibi
862 3377 932 3433 uelit
951 3380 961 3446 ΙΙ
982 3378 1122 3432 Audacter
1140 3378 1299 3436 BODI'Z.

152 3458 298 3512 Audacter
318 3456 352 3510 0:
375 3458 436 3511 cide
454 3457 491 3510 ad
509 3475 532 3512 v.
553 3463 590 3511 48
609 3458 645 3526 (*)
749 3462 790 3511 53.
816 3458 865 3511 det
888 3458 960 3511 unde
986 3459 1045 3511 Ba.
1083 3458 1118 3511 de
1137 3458 1202 3514 inde
1222 3462 1250 3514 B
1268 3479 1301 3515 cx

153 3554 210 3592 rac.
286 3543 328 3590 54.
345 3536 393 3605 qui
408 3540 553 3606 argentum
569 3538 731 3592 Beroaldus.
770 3537 817 3605 qui
831 3554 888 3590 non
902 3539 954 3606 (ch
963 3541 993 3609 1'1)
1013 3542 1208 3608 argumentum
1228 3543 1302 3608 libri,

152 3620 201 3672 ced
219 3624 251 3671 ut
270 3619 301 3672 ia
320 3617 348 3670 B
365 3619 486 3687 epatium
504 3635 517 3672 c
535 3634 636 3673 rasura
655 3635 676 3671 c.
697 3627 715 3672 S
734 3619 785 3670 litt.
811 3623 901 3672 crtum
918 3619 955 3672 eit
973 3624 1036 3672 aatc
1055 3635 1111 3672 non
1184 3621 1303 3690 dederit,

154 3699 375 3752 reatataid.
396 3715 465 3754 corr.
485 3698 651 3752 DactDb
724 3696 815 3765 migas
833 3696 857 3750 0
927 3705 969 3753 55.
990 3698 1044 3765 Qui
1064 3700 1190 3770 Pyladea.
1229 3702 1300 3754 Nam

156 3813 207 3867 nili
221 3812 271 3881 qui
286 3814 351 3867 Iibn'
364 3813 402 3883 (¹⁸)
457 3819 499 3868 66.
520 3791 648 3867 illu⁰Dc
702 3814 842 3868 redeunde
857 3814 1001 3869 Bacca.
1039 3793 1303 3871 redtlunaeach

209 3905 255 3969 tq;
274 3904 306 3956 ia
324 3905 386 3970 atq3
405 3903 544 3971 rescripsit
558 3904 607 3957 Bb
657 3909 721 3973 post
735 3902 814 3958 adsto
833 3904 1085 3973 spatiucrbracura
1101 3907 1174 3959 cacia
1192 3904 1254 3959 loco
1273 3908 1301 3959 B

260 3988 301 4036 57.
323 3980 536 4051 Epidannienaie
557 3983 591 4037 Β.
647 3982 870 4052 Epidamniensis
885 3985 916 4037 Z.
972 3984 1175 4053 Epidauuenlis
1190 3985 1220 4036 1⁴¹

157 4078 436 4117 *arun-n-
455 4064 589 4132 apparuit
607 4064 639 4118 ia
657 4066 683 4116 A
703 4063 740 4131 (³²)
798 4064 828 4118 V.
849 4069 882 4118 58
901 4082 939 4133 eq.
958 4063 1112 4119 seclusit&
1185 4069 1226 4117 58.
1249 4064 1301 4116 sur-

157 4146 253 4214 rupuit
271 4143 369 4200 BGD.
407 4142 546 4213 subripuit
565 4142 625 4196 ΡΖ
713 4145 829 4197 alterum
851 4143 907 4198 (ID
925 4150 950 4197 ct
968 4162 1001 4198 cc
1021 4145 1141 4197 alterum
1160 4161 1181 4198 c.
1200 4160 1302 4197 rasura

157 4227 229 4278 alter
248 4225 320 4278 cocis
338 4229 401 4278 aare
419 4242 478 4277 eura
495 4241 583 4278 aecem
601 4224 652 4277 Ba
670 4227 751 4288 (corr.
771 4225 832 4290 Bb)
916 4229 958 4277 59.
978 4239 1216 4294 &LIBERO-*¹
1239 4256 1253 4260 --
1276 4228 1299 4276 A

228 4304 444 4358 diuitiacBOD
498 4306 705 4373 eratsuprascr.
722 4304 920 4369 duraturus.
937 4306 989 4358 Ba
1044 4311 1085 4359 60.
1106 4308 1301 4372 aurp—A

228 4391 291 4440 ante
309 4385 388 4438 illum
407 4389 432 4439 et
446 4390 510 4453 poet
528 4402 645 4453 puerum
659 4402 773 4439 rasuras
790 4383 813 4437 0
828 4386 896 4451 (scil
912 4385 1068 4454 adoptabat
1082 4391 1107 4440 ct
1126 4404 1241 4455 puerum
1262 4386 1299 4439 ei'

156 4504 274 4569 ataid.)
363 4500 559 4569 surrupticium
578 4501 696 4565 BOI'ea·
716 4498 885 4569 surrupuitri,
903 4506 933 4554 ut
952 4502 1016 4567 vid,
1035 4507 1126 4571 corr).
1164 4479 1301 4589 suprupti-

156 4602 231 4655 cium
251 4600 288 4654 D.
325 4599 523 4668 subrupticium
546 4598 581 4653 F.
620 4599 818 4667 subrepticium
838 4600 863 4651 Z
952 4605 994 4653 61,
1013 4598 1107 4669 eique]
1134 4601 1160 4654 ei
1179 4601 1252 4669 quod
1274 4601 1304 4654 F

247 4685 290 4732 62.
305 4694 554 4749 apara———-
574 4681 600 4731 A
673 4696 735 4732 cum
755 4681 831 4733 Piae.
852 4696 936 4747 quam
954 4680 1035 4746 libri,
1053 4681 1110 4733 nisi
1127 4682 1199 4748 qaod
1217 4697 1301 4747 quam

154 4765 190 4828 (et
210 4775 275 4813 mcx
289 4758 334 4812 die
348 4776 398 4827 pra
413 4761 498 4826 diem)
514 4761 563 4814 Bb
622 4759 651 4811 V.
668 4765 773 4814 63-66
789 4762 897 4814 seclusa
912 4760 1046 4815 Driutabc
1071 4762 1087 4814 I.
1106 4778 1127 4815 a.
1146 4778 1167 4815 a.
1183 4778 1213 4829 p.
1232 4766 1321 4833 836,,

152 4842 295 4910 paitrau.
317 4845 349 4893 67
370 4841 425 4894 adi.
445 4838 477 4893 Β
496 4841 532 4907 (*)
606 4846 730 4905 &aaa
906 4843 931 4895 A
1003 4841 1202 4910 pluueratDc.
1240 4840 1302 4911 plu-

153 4924 217 4975 erat
236 4921 290 4974 Da
308 4938 368 4975 cam
386 4921 499 4989 reliquis
516 4926 541 4974 ct
561 4920 704 4975 Caracalla
723 4921 758 4990 (²¹²)
