2940 5062
118 341 269 412 neugma.
288 341 314 396 11
576 342 810 398 assemsum

210 530 917 571 ******r*****

210 615 459 681 nudiussextus

211 746 918 783 ****‡*******

234 851 943 891 *serressssss

211 958 920 998 *serutaremur*

236 1065 944 1119 *esserssrrs*

403 1304 776 1362 ALGESIMAROHVS.
822 1304 987 1362 SERVOS

212 1459 1108 1499 *rereessssrsres

149 1535 1131 1609 ,ssererssresrese

214 1675 1110 1713 ***************

567 1810 824 1868 Anonsunsaouvs

217 1918 333 1985 Potine
357 1925 394 1986 tu
417 1920 514 1987 homo
538 1921 664 1988 facinus
688 1922 793 1987 facere
817 1920 1005 1987 strenuom?

641 2079 757 2136 Snnvos

818 2151 967 2219 Aliorum
992 2153 1174 2238 adfatimst,
1218 2171 1270 2218 231

216 2257 282 2338 Qus
302 2261 438 2327 faciant:
461 2284 539 2328 sane
562 2265 623 2348 ego
647 2284 698 2328 me
720 2263 797 2328 nolo
826 2263 943 2327 fortem
967 2259 1135 2346 perhiberi
1155 2262 1271 2326 uirum·

216 2391 1110 2431 *********ss*****

239 2499 1134 2538 *ssssss***********

175 2598 1113 2645 'arrerssrrsrterra

210 2729 264 2778 230
283 2723 397 2795 (seriam.
418 2724 452 2794 Ι).
488 2723 611 2778 nudius
642 2724 694 2795 [uel
718 2725 821 2780 nudus:
849 2726 885 2792 ef.
904 2724 1031 2779 Loewius
1053 2725 1157 2779 Arnai.
1176 2724 1270 2793 philol.

125 2807 202 2862 CXI
214 2826 243 2876 p.
256 2809 321 2876 536]
341 2807 459 2861 sextus
478 2806 549 2875 quod
563 2807 686 2876 primam
704 2823 738 2860 ea
756 2807 844 2861 tritus
858 2806 995 2860 adverbiis
1011 2804 1041 2858 in
1056 2803 1209 2859 cistellaria
1228 2805 1270 2858 de-

123 2889 226 2957 cerpsit
244 2889 323 2958 ytoss.
340 2887 437 2943 Ptast.
456 2887 501 2955 (ef.
517 2885 684 2941 Rilseleelias
700 2884 798 2955 Opuse.
809 2886 877 2954 phil.
894 2886 936 2938 ΙΙ
950 2903 980 2954 p.
995 2889 1059 2940 235.
1078 2888 1145 2952 246)
1159 2891 1273 2955 propter

123 2987 150 3022 v.
164 2972 225 3024 225
234 2984 272 3037 sq.
296 2967 334 3022 ad
356 2967 553 3022 Alcesimoreti
575 2967 746 3038 monoloqum
767 2968 903 3037 pertinere
930 2967 1044 3021 coniecit
1068 2965 1273 3020 &odmundus

126 3049 208 3104 Sena.
222 3047 263 3101 ΙΙ
273 3065 304 3117 p.
319 3051 376 3103 422
394 3049 459 3103 oda.

216 3134 269 3183 231
282 3146 321 3198 so.
342 3129 456 3197 (froom.
476 3127 526 3197 II).
567 3127 671 3183 Gellius
689 3128 726 3180 N.
746 3129 781 3181 A.
803 3129 848 3180 VI
871 3127 962 3196 (VII)
982 3133 1009 3196 7,
1028 3133 1112 3183 1-4:
1130 3126 1273 3181 Annianus

125 3210 213 3278 poeta
230 3211 344 3278 praeter
362 3206 467 3276 ingenii
486 3209 671 3263 amoenitates
690 3208 846 3262 litterarum
862 3224 972 3278 quoque
991 3213 1118 3263 ueterum
1138 3211 1168 3262 et
1185 3208 1271 3262 ratio-

126 3308 194 3343 num
213 3289 242 3343 in
261 3286 363 3342 littoris
382 3288 485 3357 oppido
505 3306 589 3357 quam
608 3288 714 3359 peritus
733 3287 788 3343 luit
807 3291 836 3342 et
854 3287 1094 3344 sermocinabatur
1112 3287 1184 3341 mira
1203 3306 1271 3357 qua-

126 3371 192 3424 dam
216 3371 247 3423 et
265 3368 336 3423 scita
354 3368 501 3423 suauitate.
538 3369 562 3423 is
582 3369 720 3424 ‘affatim’
742 3371 774 3422 ut
794 3367 969 3423 ‘admodum’
990 3366 1081 3438 prima
1100 3372 1196 3436 acuta,
1214 3385 1272 3422 non

125 3448 238 3517 medis,
265 3449 468 3519 pronuntiabat
495 3453 579 3518 atque
606 3449 648 3504 ita
675 3452 784 3504 ueteres
811 3449 919 3504 locutos
944 3450 1084 3504 censebat.
1122 3448 1219 3516 itaque
1243 3465 1272 3501 se

127 3530 262 3585 audiente
281 3529 401 3583 Probum
421 3529 636 3599 grammaticum
655 3531 707 3584 hos
726 3547 822 3584 uersus
840 3528 869 3582 in
884 3528 977 3583 Plauti
993 3527 1151 3583 Cistellaria
1169 3527 1273 3597 legisse

126 3610 197 3666 dicit
217 3611 364 3680 ‘potine
376 3610 549 3666 ...uirnm'
570 3627 738 3679 causamque
757 3626 817 3664 esse
837 3609 902 3664 huis
921 3611 1048 3663 accentui
1068 3611 1179 3663 dicebat
1198 3608 1273 3678 quod

127 3691 259 3746 ‘affatim'
281 3708 336 3744 uon
355 3693 448 3745 essent
466 3691 537 3746 duae
555 3695 649 3762 partes
669 3690 816 3757 orationis,
841 3690 890 3745 ssd
912 3692 1031 3760 utraque
1050 3707 1115 3760 pars
1134 3689 1164 3742 in
1187 3705 1271 3744 unani

127 3787 227 3826 uocem
247 3769 405 3825 coaluisset.

217 3913 284 3968 Post
297 3931 321 3967 o.
337 3918 388 3967 229
407 3915 439 3967 iri
459 3914 601 3967 Palatinis
628 3931 728 3983 moereo
754 3930 822 3982 pars
849 3915 962 3979 sabulos
990 3915 1069 3982 (piris
1089 3932 1169 3982 quom
1194 3917 1275 3983 qais-

125 3996 202 4065 9ersti
219 3996 325 4060 versus)
345 3994 552 4061 interciderunt,
565 3995 602 4048 od
619 4011 701 4062 quom
716 4012 810 4065 poseo
823 3997 978 4062 fraumenta
992 4001 1016 4046 et
1031 3996 1121 4049 lacero
1141 3998 1274 4065 quaedam

126 4074 309 4130 Ambrosioni
341 4074 411 4140 solio
443 4076 574 4145 (primum
597 4081 659 4144 post
687 4082 792 4130 sentum
820 4076 876 4141 fere
902 4091 995 4128 versem
1024 4076 1188 4141 deficientes)
1211 4094 1274 4144 per-

125 4158 223 4210 tinent.
252 4152 352 4208 Finito
366 4155 562 4209 Alcesimurshi
576 4157 682 4210 sontico
700 4157 747 4221 (ef.
762 4157 871 4221 testim.)
886 4157 993 4209 uidetis
1007 4157 1108 4224 aliquis
1124 4158 1275 4221 (Alsiensis

124 4238 256 4303 sonasse)
273 4251 376 4301 parem
394 4240 521 4289 accurate
539 4236 572 4289 de
590 4237 668 4290 ubiles
683 4235 784 4289 Selenii
798 4237 935 4290 certiorem
954 4236 1047 4300 fecisse
1066 4240 1212 4301 orrroateor,
1227 4237 1275 4303 qai

124 4333 191 4371 moa
209 4315 328 4369 coratio
346 4315 421 4383 eupit
439 4331 499 4369 eum
518 4316 600 4369 Seruo
615 4316 665 4383 (i).
700 4315 785 4370 Osiris
803 4332 915 4370 scaenae
930 4317 1010 4383 parti
1020 4316 1113 4384 priori
1126 4316 1224 4384 troam.
1238 4314 1279 4367 ΙΙ

124 4396 283 4450 vindicavit
306 4394 455 4466 Seyffertrrs
477 4397 544 4459 duee
569 4397 755 4450 t‘tuderruruio
779 4397 796 4449 l.
816 4413 836 4450 s.
856 4412 876 4448 s.
894 4412 921 4462 p.
937 4398 994 4449 425
1018 4402 1041 4450 el
1065 4396 1149 4448 Burs.
1169 4395 1274 4450 Ausul.

126 4474 250 4529 LXIII
260 4492 290 4542 p.
307 4478 342 4528 65
356 4491 395 4543 sq.
415 4475 452 4544 (*)
