2956 5678
170 347 191 391 x
637 323 844 380 PRAEFATIO

170 488 225 553 sed
254 491 290 552 ut
312 511 373 573 pro
397 487 457 571 eis,
484 488 601 553 horum
625 489 659 552 in
681 488 787 553 locum
811 489 989 554 substituta
1011 494 1103 555 certo
1125 490 1310 556 emendandi

169 596 304 661 consilio
324 597 393 660 sive
412 594 553 659 eiusdem
572 599 688 679 poetae
707 596 774 660 sire
793 596 885 680 alius,
908 619 974 662 non
992 596 1121 661 librarii
1141 597 1195 661 rel
1212 618 1310 682 gram-

169 702 293 785 matici,
320 724 433 767 verum
460 701 540 766 item
567 705 692 787 poetae.
742 702 843 768 Velut
871 703 911 767 ad
939 723 1043 786 genus
1071 703 1165 788 prius
1192 708 1310 771 tantun

168 831 234 873 non
267 809 375 873 omnia
407 808 553 891 exempla
586 808 844 894 ‘dittographiae'
877 809 911 873 in
942 808 1136 874 Trinummo
1168 808 1310 875 Plautina

169 915 341 1001 indagatae
364 914 533 979 referende
557 919 645 979 sunt:
671 916 779 999 qualia
803 916 931 1001 quidem
954 916 1070 982 critico
1092 915 1238 982 officium
1258 917 1308 983 inr-

169 1026 295 1106 ponunt
322 1023 499 1087 alterarum
526 1021 667 1105 partium
696 1022 911 1107 optandarum
938 1027 1037 1108 atque
1065 1023 1304 1106 probandorum,

168 1128 423 1194 damnandarum
445 1127 705 1212 confidenterque
729 1128 992 1212 expellendarum
1015 1129 1204 1196 alterarum
1244 1129 1302 1197 Nec

170 1235 236 1300 ulla
264 1239 314 1300 est
344 1234 541 1299 ePlautinis
569 1235 688 1298 fabulis
716 1236 794 1320 quin
823 1236 884 1302 hac
911 1236 1017 1322 specie
1040 1237 1299 1320 interpolationis,

169 1364 267 1427 quam
299 1342 533 1426 glossematum
564 1342 695 1407 nomine
722 1346 836 1408 notare
864 1343 1108 1426 consuevimus,
1141 1344 1296 1410 identidem

169 1449 352 1514 deformata
374 1449 429 1512 sit:
453 1447 679 1532 pertinentque
701 1450 764 1515 buc
787 1470 804 1513 e
826 1449 1007 1515 Mercatore
1031 1454 1162 1534 praeter
1184 1450 1242 1515 alis
1256 1450 1295 1531 (ut

169 1579 198 1620 v.
221 1554 296 1620 536.
320 1555 393 1619 745.
418 1554 492 1637 815,
515 1553 635 1638 quibus
658 1577 729 1620 sero
753 1556 898 1621 intellexi
918 1578 1048 1622 versum
1067 1558 1134 1623 276
1153 1557 1292 1639 accedere)

167 1663 244 1726 illae
271 1662 387 1726 turbae
416 1682 497 1745 quas
525 1682 716 1744 componere
743 1663 925 1728 1111982
952 1663 1146 1729 studuimus.
1192 1662 1290 1729 Contra

168 1769 318 1853 geminae
345 1767 542 1833 recensionis
566 1767 597 1832 11.
622 1790 646 1834 1.
675 1769 783 1834 dedita
810 1791 909 1853 opera
935 1770 1107 1835 institutae
1130 1769 1287 1852 druensis,

168 1898 264 1960 quam
286 1897 352 1941 non
370 1876 477 1958 possis
496 1897 561 1939 non
581 1895 620 1937 ex
638 1875 711 1959 ipsa
728 1877 924 1961 antiquitate
942 1880 1101 1962 repetere,
1124 1877 1286 1958 certissimo,

167 1983 230 2048 nisi
261 2004 377 2067 prosus
405 1981 564 2064 fallimur,
596 1980 715 2047 iudicio
744 1983 848 2049 tribus
876 1984 912 2048 in
938 1983 1019 2048 locis
1048 1985 1167 2050 serrati
1190 1981 1285 2070 gemini

167 2110 332 2154 sermones
357 2092 442 2171 sunt,
466 2087 701 2153 sententiarum
724 2094 836 2155 tenore
855 2112 989 2175 prorsus
1008 2089 1220 2176 uupdttqtes:
1237 2088 1284 2173 pri·

166 2218 255 2261 mum
279 2219 307 2261 v.
331 2195 508 2259 369-372
536 2198 570 2259 et
592 2196 782 2282 373-3755
812 2196 926 2262 deinde
955 2220 984 2261 r.
1011 2194 1283 2281 150461111-

167 2307 279 2387 terque
307 2325 337 2368 v.
366 2302 556 2385 tao-624,
590 2323 663 2367 cum
696 2303 743 2368 eis
776 2303 956 2388 comparati
989 2304 1047 2388 qui
1079 2310 1209 2389 utroque
1231 2303 1283 2367 loco

166 2410 285 2495 partim
312 2409 510 2492 praecedunt
539 2410 658 2493 partim
688 2411 936 2496 subsequuntur.
981 2410 1053 2476 Has
1080 2412 1181 2498 igitur
1199 2410 1283 2495 partes

165 2540 231 2583 non
257 2515 441 2581 dubitemus
465 2538 531 2581 una
555 2537 628 2580 cum
651 2515 793 2601 prologo
816 2516 946 2581 fabulae
970 2520 1027 2581 aut
1049 2521 1121 2583 toto
1139 2521 1192 2582 eut
1207 2532 1283 2601 prope

165 2627 235 2690 toto
255 2623 302 2687 illi
326 2623 425 2687 aetati
444 2622 588 2686 tribucre
608 2644 672 2706 qua
686 2644 815 2687 omnem
830 2623 955 2706 poesim
969 2621 1157 2689 Plautinum
1170 2620 1284 2688 studiose

166 2732 322 2795 recultam
345 2751 415 2794 esse
440 2728 650 2812 singulasque
673 2728 814 2812 fabulas,
843 2751 906 2813 quo
929 2728 1101 2795 Plautinae
1124 2726 1284 2794 festivitatis

165 2837 280 2919 cupido
306 2836 426 2919 populo
454 2835 558 2900 denuo
583 2834 778 2918 spectandae
801 2836 1046 2920 praeberentur,
1070 2859 1145 2903 cum
1166 2858 1235 2902 cura
1250 2853 1285 2897 rc·

164 2947 321 3008 tractatas
354 2964 423 3006 esse
460 2942 539 3006 olim
574 2941 867 3006 demonstravimus
900 2943 932 3006 b.
964 2964 990 3007 e.
1024 2944 1151 3009 ineunti
1182 2940 1285 3008 saeculo

166 3049 316 3132 septime.
353 3048 442 3112 Talis
467 3053 577 3113 autem
595 3047 741 3114 recensio
760 3070 846 3113 nova
864 3071 962 3133 quam
980 3050 1047 3114 lete
1066 3050 1213 3135 patuerit,
1232 3067 1287 3113 cum

166 3155 362 3239 plerumque,
383 3158 419 3218 ut
436 3176 522 3220 nunc
541 3177 592 3219 res
611 3159 670 3238 est,
690 3155 871 3220 accuratius
890 3156 1018 3220 definiri
1037 3161 1185 3241 nequeat,
1202 3159 1288 3220 tamea

166 3285 234 3328 uon
267 3263 365 3326 nimis
399 3262 582 3328 mirandum
615 3285 685 3328 esse
717 3267 870 3346 putamus
899 3263 1001 3327 sicubi
1029 3263 1130 3328 etiam
1157 3259 1289 3349 grauioris

167 3371 400 3455 discrepantiae
441 3371 577 3455 vestigia
614 3371 727 3435 relicta
763 3371 836 3434 sint.
891 3370 969 3434 Tale
1002 3373 1053 3435 est
1090 3375 1197 3435 autem
1226 3363 1291 3452 quod

166 3480 308 3563 permiro
329 3479 474 3561 consilio,
494 3478 584 3542 cuius
605 3479 766 3542 rationem
785 3500 917 3561 prorsus
937 3500 1002 3542 non
1022 3477 1184 3562 expedias,
1201 3499 1228 3541 v.
1242 3472 1292 3540 529

167 3585 393 3670 Pasicompsae
412 3584 623 3668 Lysimachus
643 3585 700 3648 ille
719 3583 798 3649 dicit
816 3584 881 3648 ‘tuo
899 3605 949 3649 ero
968 3584 1153 3666 redempta’s
1171 3600 1294 3649 recreant:

165 3692 233 3775 Epo
258 3698 284 3755 11
306 3692 419 3756 redensi
443 3692 505 3755 illi:
538 3691 590 3756 1111
616 3711 733 3755 1111111111
756 3690 878 3754 orauit?
923 3689 1015 3755 Emit
1037 3690 1127 3755 enim
1150 3691 1297 3755 mulierem

163 3798 373 3880 Lysimachus
397 3799 503 3863 oranti
524 3797 719 3881 Demiphoni
743 3799 881 3883 quinon
900 3798 1110 3880 lueraterus,
1133 3819 1202 3863 non
1222 3794 1296 3861 rede·

167 3905 225 3967 mit
254 3903 396 3970 Charino
425 3905 480 3989 qui
508 3907 622 3968 fuerat.
672 3904 741 3970 Nec
770 3905 917 3969 consulto
946 3903 1101 3969 simulare
1130 3904 1207 3988 hoc,
1234 3900 1301 3968 illud

163 4009 364 4074 dissimulare
391 4010 566 4074 credendus
590 4009 816 4094 Lysimachus:
845 4010 963 4095 alioqui
986 4033 1046 4077 nec
1071 4012 1112 4077 de
1137 4032 1198 4076 ove
1224 4030 1301 4074 sexa·

162 4116 294 4199 genarie
317 4115 375 4180 illa
398 4117 497 4181 verba
519 4117 650 4182 fecisset
673 4141 699 4181 v.
725 4118 800 4201 524,
823 4139 880 4182 nec
899 4117 927 4181 si
946 4117 1029 4182 forte
1050 4118 1164 4183 iocum
1184 4120 1302 4202 captare

114 4310 117 4317 Ι
165 4225 340 4306 suspicere,
368 4245 443 4287 mox
472 4228 540 4288 tam
570 4226 686 4289 seriam
715 4224 921 4289 mirationem
944 4223 1112 4308 proderet,
1144 4228 1303 4310 postquam

162 4330 228 4392 iam
256 4350 314 4410 per
341 4329 507 4394 biennium
538 4352 605 4394 11111
628 4330 781 4396 habuisse
805 4353 877 4395 cum
901 4334 1047 4394 amatore
1072 4331 1304 4416 Pasicompsem

166 4434 333 4517 comperit,
356 4456 415 4501 nec
439 4458 477 4502 ea
500 4438 720 4523 interrogaret
738 4439 989 4524 loquereturque
1008 4460 1037 4503 v.
1058 4438 1126 4504 538
1149 4461 1219 4525 sqq.
1236 4457 1303 4523 quae
