<?xml version="1.0" encoding="UTF-8"?>
<!DOCTYPE html PUBLIC "-//W3C//DTD XHTML 1.0 Transitional//EN"
    "http://www.w3.org/TR/xhtml1/DTD/xhtml1-transitional.dtd">
<html xmlns="http://www.w3.org/1999/xhtml" xml:lang="en" lang="en">
 <head>
  <title>
</title>
<meta http-equiv="Content-Type" content="text/html;charset=utf-8" />
  <meta name='ocr-system' content='tesseract 3.04.00' />
  <meta name='ocr-capabilities' content='ocr_page ocr_carea ocr_par ocr_line ocrx_word'/>
</head>
<body>
  <div class='ocr_page' id='page_1' title='image "./tmacciplauticom00schgoog_0151.png"; bbox 0 0 2956 5678; ppageno 0'>
   <div class='ocr_carea' id='block_1_1' title="bbox 166 318 1309 383">
    <p class='ocr_par' dir='ltr' id='par_1_1' title="bbox 166 318 1309 383">
     <span class='ocr_line' id='line_1_1' title="bbox 166 318 1309 383; baseline 0.005 -11"><span class='ocrx_word' id='word_1_1' title='bbox 166 318 229 383; x_wconf 83' lang='grc'><strong><em>106</em></strong></span> <span class='ocrx_word' id='word_1_2' title='bbox 644 319 830 374; x_wconf 84' lang='lat' dir='ltr'>APPENDIX</span> <span class='ocrx_word' id='word_1_3' title='bbox 1169 325 1309 378; x_wconf 74' lang='lat' dir='ltr'><strong><em>eso-lot</em></strong></span> 
     </span>
    </p>
   </div>
   <div class='ocr_carea' id='block_1_2' title="bbox 163 481 1313 616">
    <p class='ocr_par' dir='ltr' id='par_1_2' title="bbox 163 481 1313 616">
     <span class='ocr_line' id='line_1_2' title="bbox 164 481 1313 554; baseline 0.004 -19"><span class='ocrx_word' id='word_1_4' title='bbox 164 481 255 535; x_wconf 85' lang='lat' dir='ltr'><strong><em>eocob.</em></strong></span> <span class='ocrx_word' id='word_1_5' title='bbox 275 481 356 535; x_wconf 79' lang='lat' dir='ltr'><strong><em>lamb.</em></strong></span> <span class='ocrx_word' id='word_1_6' title='bbox 373 497 402 549; x_wconf 76' lang='lat' dir='ltr'><strong><em>p.</em></strong></span> <span class='ocrx_word' id='word_1_7' title='bbox 418 486 463 547; x_wconf 86' lang='lat'><strong><em>31,</em></strong></span> <span class='ocrx_word' id='word_1_8' title='bbox 482 498 514 535; x_wconf 89' lang='lat' dir='ltr'><strong><em>ne</em></strong></span> <span class='ocrx_word' id='word_1_9' title='bbox 533 484 565 535; x_wconf 84' lang='lat' dir='ltr'><strong><em>sb</em></strong></span> <span class='ocrx_word' id='word_1_10' title='bbox 584 482 694 535; x_wconf 84' lang='lat' dir='ltr'><strong><em>tertium</em></strong></span> <span class='ocrx_word' id='word_1_11' title='bbox 718 486 828 551; x_wconf 82' lang='lat' dir='ltr'><strong><em>occupet</em></strong></span> <span class='ocrx_word' id='word_1_12' title='bbox 847 482 955 551; x_wconf 73' lang='lat' dir='ltr'><strong><em>peden:</em></strong></span> <span class='ocrx_word' id='word_1_13' title='bbox 980 488 1009 536; x_wconf 89' lang='lat' dir='ltr'><strong><em>ot</em></strong></span> <span class='ocrx_word' id='word_1_14' title='bbox 1035 498 1069 537; x_wconf 85' lang='lat' dir='ltr'><strong><em>eo</em></strong></span> <span class='ocrx_word' id='word_1_15' title='bbox 1095 499 1157 538; x_wconf 89' lang='lat' dir='ltr'><strong><em>sum</em></strong></span> <span class='ocrx_word' id='word_1_16' title='bbox 1176 498 1233 554; x_wconf 78' lang='lat' dir='ltr'><strong><em>pro</em></strong></span> <span class='ocrx_word' id='word_1_17' title='bbox 1255 501 1313 540; x_wconf 82' lang='lat' dir='ltr'><strong><em>uuo</em></strong></span> 
     </span>
     <span class='ocr_line' id='line_1_3' title="bbox 163 568 288 616; baseline -0.008 0"><span class='ocrx_word' id='word_1_18' title='bbox 163 576 225 616; x_wconf 85' lang='lat' dir='ltr'><strong><em>ecce</em></strong></span> <span class='ocrx_word' id='word_1_19' title='bbox 244 568 288 616; x_wconf 89' lang='lat' dir='ltr'><strong><em>est.</em></strong></span> 
     </span>
    </p>
   </div>
   <div class='ocr_carea' id='block_1_3' title="bbox 160 649 1318 1288">
    <p class='ocr_par' dir='ltr' id='par_1_3' title="bbox 160 649 1318 1288">
     <span class='ocr_line' id='line_1_4' title="bbox 254 649 1315 726; baseline 0.007 -22"><span class='ocrx_word' id='word_1_20' title='bbox 254 656 313 704; x_wconf 78' lang='lat'>³82.</span> <span class='ocrx_word' id='word_1_21' title='bbox 334 667 398 705; x_wconf 88' lang='lat' dir='ltr'><strong><em>num</em></strong></span> <span class='ocrx_word' id='word_1_22' title='bbox 417 649 459 704; x_wconf 84' lang='lat' dir='ltr'><strong><em>ita</em></strong></span> <span class='ocrx_word' id='word_1_23' title='bbox 479 651 597 706; x_wconf 82' lang='lat' dir='ltr'><strong><em>‘nulius’</em></strong></span> <span class='ocrx_word' id='word_1_24' title='bbox 617 652 725 705; x_wconf 85' lang='lat' dir='ltr'><strong><em>uidetur</em></strong></span> <span class='ocrx_word' id='word_1_25' title='bbox 739 652 772 705; x_wconf 90' lang='lat' dir='ltr'><strong><em>L.</em></strong></span> <span class='ocrx_word' id='word_1_26' title='bbox 790 652 924 707; x_wconf 81' lang='lat' dir='ltr'><strong><em>Mndlero</em></strong></span> <span class='ocrx_word' id='word_1_27' title='bbox 945 653 1069 722; x_wconf 80' lang='lat' dir='ltr'><strong><em>(itemque</em></strong></span> <span class='ocrx_word' id='word_1_28' title='bbox 1087 653 1214 724; x_wconf 82' lang='lat' dir='ltr'><strong><em>obtigit),</em></strong></span> <span class='ocrx_word' id='word_1_29' title='bbox 1228 672 1315 726; x_wconf 85' lang='lat' dir='ltr'><strong><em>neque</em></strong></span> 
     </span>
     <span class='ocr_line' id='line_1_5' title="bbox 163 730 1315 805; baseline 0.006 -22"><span class='ocrx_word' id='word_1_30' title='bbox 163 731 299 799; x_wconf 77' lang='lat' dir='ltr'><strong><em>intprobat</em></strong></span> <span class='ocrx_word' id='word_1_31' title='bbox 309 730 469 785; x_wconf 83' lang='lat' dir='ltr'><strong><em>Reblinius:</em></strong></span> <span class='ocrx_word' id='word_1_32' title='bbox 483 736 512 786; x_wconf 86' lang='lat' dir='ltr'><strong><em>at</em></strong></span> <span class='ocrx_word' id='word_1_33' title='bbox 526 732 561 798; x_wconf 78' lang='lat' dir='ltr'><strong><em>cf.</em></strong></span> <span class='ocrx_word' id='word_1_34' title='bbox 572 731 721 800; x_wconf 82' lang='lat' dir='ltr'><strong><em>Lo-nqenus</em></strong></span> <span class='ocrx_word' id='word_1_35' title='bbox 737 731 847 788; x_wconf 77' lang='lat' dir='ltr'><strong><em>‘Beitn&#39;</em></strong></span> <span class='ocrx_word' id='word_1_36' title='bbox 860 749 889 802; x_wconf 75' lang='lat' dir='ltr'><strong><em>p.</em></strong></span> <span class='ocrx_word' id='word_1_37' title='bbox 899 733 1126 788; x_wconf 82' lang='lat' dir='ltr'><strong><em>231.—Vcrsum</em></strong></span> <span class='ocrx_word' id='word_1_38' title='bbox 1141 734 1315 805; x_wconf 82' lang='lat' dir='ltr'><strong><em>aszsiaqio</em></strong></span> 
     </span>
     <span class='ocr_line' id='line_1_6' title="bbox 160 811 1317 882; baseline 0.006 -18"><span class='ocrx_word' id='word_1_39' title='bbox 160 828 304 880; x_wconf 76' lang='lat' dir='ltr'><strong><em>perperam</em></strong></span> <span class='ocrx_word' id='word_1_40' title='bbox 331 811 440 866; x_wconf 87' lang='lat' dir='ltr'><strong><em>illatum</em></strong></span> <span class='ocrx_word' id='word_1_41' title='bbox 467 813 512 881; x_wconf 78' lang='lat' dir='ltr'><strong><em>(ef.</em></strong></span> <span class='ocrx_word' id='word_1_42' title='bbox 535 813 572 866; x_wconf 89' lang='lat' dir='ltr'><strong><em>ad</em></strong></span> <span class='ocrx_word' id='word_1_43' title='bbox 590 815 653 866; x_wconf 83' lang='grc'>334.</span> <span class='ocrx_word' id='word_1_44' title='bbox 673 814 738 878; x_wconf 89' lang='grc'><strong><em>555)</em></strong></span> <span class='ocrx_word' id='word_1_45' title='bbox 758 812 907 882; x_wconf 75' lang='lat' dir='ltr'><strong><em>Seyffertus</em></strong></span> <span class='ocrx_word' id='word_1_46' title='bbox 925 813 942 866; x_wconf 95' lang='lat' dir='ltr'><strong><em>l.</em></strong></span> <span class='ocrx_word' id='word_1_47' title='bbox 956 829 978 867; x_wconf 89' lang='lat' dir='ltr'><strong><em>s.</em></strong></span> <span class='ocrx_word' id='word_1_48' title='bbox 991 829 1013 868; x_wconf 89' lang='lat' dir='ltr'><strong><em>s.</em></strong></span> <span class='ocrx_word' id='word_1_49' title='bbox 1033 813 1066 867; x_wconf 85' lang='lat' dir='ltr'><strong><em>de</em></strong></span> <span class='ocrx_word' id='word_1_50' title='bbox 1083 812 1178 869; x_wconf 78' lang='lat' dir='ltr'><strong><em>Lenos</em></strong></span> <span class='ocrx_word' id='word_1_51' title='bbox 1194 816 1317 871; x_wconf 85' lang='lat' dir='ltr'><strong><em>ebriolae</em></strong></span> 
     </span>
     <span class='ocr_line' id='line_1_7' title="bbox 163 892 1318 960; baseline 0.006 -16"><span class='ocrx_word' id='word_1_52' title='bbox 163 892 244 945; x_wconf 87' lang='lat' dir='ltr'><strong><em>odore</em></strong></span> <span class='ocrx_word' id='word_1_53' title='bbox 262 892 401 959; x_wconf 85' lang='lat' dir='ltr'><strong><em>iutellcqit,</em></strong></span> <span class='ocrx_word' id='word_1_54' title='bbox 415 907 492 959; x_wconf 86' lang='lat' dir='ltr'><strong><em>quem</em></strong></span> <span class='ocrx_word' id='word_1_55' title='bbox 505 896 611 945; x_wconf 84' lang='lat' dir='ltr'><strong><em>secutus</em></strong></span> <span class='ocrx_word' id='word_1_56' title='bbox 629 893 665 946; x_wconf 86' lang='lat' dir='ltr'><strong><em>sit</em></strong></span> <span class='ocrx_word' id='word_1_57' title='bbox 677 907 778 959; x_wconf 82' lang='lat' dir='ltr'><strong><em>seruus,</em></strong></span> <span class='ocrx_word' id='word_1_58' title='bbox 792 909 853 947; x_wconf 91' lang='lat' dir='ltr'><strong><em>cum</em></strong></span> <span class='ocrx_word' id='word_1_59' title='bbox 868 893 978 947; x_wconf 82' lang='lat' dir='ltr'><strong><em>‘memor</em></strong></span> <span class='ocrx_word' id='word_1_60' title='bbox 992 892 1094 960; x_wconf 72' lang='lat' dir='ltr'><strong><em>officii&#39;</em></strong></span> <span class='ocrx_word' id='word_1_61' title='bbox 1110 893 1318 951; x_wconf 77' lang='lat' dir='ltr'><strong><em>Phanostrotoe</em></strong></span> 
     </span>
     <span class='ocr_line' id='line_1_8' title="bbox 162 970 1318 1045; baseline 0.006 -20"><span class='ocrx_word' id='word_1_62' title='bbox 162 971 296 1026; x_wconf 75' lang='lat' dir='ltr'><strong><em>munidato</em></strong></span> <span class='ocrx_word' id='word_1_63' title='bbox 334 975 505 1039; x_wconf 76' lang='lat' dir='ltr'><strong><em>exsequatur.</em></strong></span> <span class='ocrx_word' id='word_1_64' title='bbox 555 970 608 1033; x_wconf 84' lang='lat' dir='ltr'><strong><em>Sul</em></strong></span> <span class='ocrx_word' id='word_1_65' title='bbox 639 988 700 1025; x_wconf 87' lang='lat' dir='ltr'><strong><em>eum</em></strong></span> <span class='ocrx_word' id='word_1_66' title='bbox 731 989 755 1027; x_wconf 86' lang='lat' dir='ltr'><strong><em>a.</em></strong></span> <span class='ocrx_word' id='word_1_67' title='bbox 775 978 826 1027; x_wconf 89' lang='grc'><strong><em>333</em></strong></span> <span class='ocrx_word' id='word_1_68' title='bbox 841 990 878 1042; x_wconf 87' lang='lat' dir='ltr'><strong><em>sq.</em></strong></span> <span class='ocrx_word' id='word_1_69' title='bbox 915 973 1048 1043; x_wconf 86' lang='lat' dir='ltr'><strong><em>eoniuuqi</em></strong></span> <span class='ocrx_word' id='word_1_70' title='bbox 1083 981 1222 1045; x_wconf 66' lang='lat' dir='ltr'><strong><em>umescant</em></strong></span> <span class='ocrx_word' id='word_1_71' title='bbox 1255 993 1318 1032; x_wconf 82' lang='lat' dir='ltr'><strong><em>cum</em></strong></span> 
     </span>
     <span class='ocr_line' id='line_1_9' title="bbox 162 1051 1318 1120; baseline 0.007 -15"><span class='ocrx_word' id='word_1_72' title='bbox 162 1068 186 1105; x_wconf 89' lang='lat' dir='ltr'><strong><em>o.</em></strong></span> <span class='ocrx_word' id='word_1_73' title='bbox 206 1054 260 1106; x_wconf 82' lang='lat'><strong><em>405</em></strong></span> <span class='ocrx_word' id='word_1_74' title='bbox 274 1068 344 1120; x_wconf 80' lang='lat' dir='ltr'><strong><em>sqq,</em></strong></span> <span class='ocrx_word' id='word_1_75' title='bbox 377 1052 467 1105; x_wconf 87' lang='lat' dir='ltr'><strong><em>nescio</em></strong></span> <span class='ocrx_word' id='word_1_76' title='bbox 498 1068 537 1105; x_wconf 90' lang='lat' dir='ltr'><strong><em>an</em></strong></span> <span class='ocrx_word' id='word_1_77' title='bbox 564 1067 616 1120; x_wconf 77' lang='lat' dir='ltr'><strong><em>per</em></strong></span> <span class='ocrx_word' id='word_1_78' title='bbox 650 1051 721 1106; x_wconf 86' lang='lat' dir='ltr'><strong><em>bone</em></strong></span> <span class='ocrx_word' id='word_1_79' title='bbox 747 1054 917 1120; x_wconf 79' lang='lat' dir='ltr'><strong><em>particulam</em></strong></span> <span class='ocrx_word' id='word_1_80' title='bbox 944 1055 1102 1110; x_wconf 81' lang='lat' dir='ltr'><strong><em>narraverit</em></strong></span> <span class='ocrx_word' id='word_1_81' title='bbox 1131 1055 1166 1110; x_wconf 83' lang='lat' dir='ltr'><strong><em>de</em></strong></span> <span class='ocrx_word' id='word_1_82' title='bbox 1191 1062 1318 1113; x_wconf 80' lang='lat' dir='ltr'><strong><em>atoustro</em></strong></span> 
     </span>
     <span class='ocr_line' id='line_1_10' title="bbox 164 1131 1317 1204; baseline 0.006 -19"><span class='ocrx_word' id='word_1_83' title='bbox 164 1131 257 1200; x_wconf 87' lang='lat' dir='ltr'><strong><em>aliquo</em></strong></span> <span class='ocrx_word' id='word_1_84' title='bbox 281 1132 419 1198; x_wconf 88' lang='lat' dir='ltr'><strong><em>mulieris,</em></strong></span> <span class='ocrx_word' id='word_1_85' title='bbox 443 1132 516 1200; x_wconf 88' lang='lat' dir='ltr'><strong><em>quod</em></strong></span> <span class='ocrx_word' id='word_1_86' title='bbox 537 1133 708 1201; x_wconf 73' lang='lat' dir='ltr'><strong><em>quaeritanti</em></strong></span> <span class='ocrx_word' id='word_1_87' title='bbox 731 1136 811 1185; x_wconf 89' lang='lat' dir='ltr'><strong><em>anteo</em></strong></span> <span class='ocrx_word' id='word_1_88' title='bbox 835 1133 991 1188; x_wconf 86' lang='lat' dir='ltr'><strong><em>occurrerit.</em></strong></span> <span class='ocrx_word' id='word_1_89' title='bbox 1033 1135 1097 1204; x_wconf 74' lang='lat' dir='ltr'><strong><em>Ipsi</em></strong></span> <span class='ocrx_word' id='word_1_90' title='bbox 1118 1135 1197 1190; x_wconf 87' lang='lat' dir='ltr'><strong><em>lenae</em></strong></span> <span class='ocrx_word' id='word_1_91' title='bbox 1222 1154 1248 1191; x_wconf 86' lang='lat' dir='ltr'><strong><em>o.</em></strong></span> <span class='ocrx_word' id='word_1_92' title='bbox 1264 1141 1317 1193; x_wconf 80' lang='grc'><strong><em>333</em></strong></span> 
     </span>
     <span class='ocr_line' id='line_1_11' title="bbox 163 1212 1318 1288; baseline 0.006 -23"><span class='ocrx_word' id='word_1_93' title='bbox 163 1213 300 1266; x_wconf 71' lang='lat' dir='ltr'><strong><em>tribuebat</em></strong></span> <span class='ocrx_word' id='word_1_94' title='bbox 312 1212 489 1282; x_wconf 85' lang='lat' dir='ltr'><strong><em>Lodueiqins</em></strong></span> <span class='ocrx_word' id='word_1_95' title='bbox 501 1229 528 1279; x_wconf 83' lang='lat' dir='ltr'><strong><em>p.</em></strong></span> <span class='ocrx_word' id='word_1_96' title='bbox 541 1216 603 1267; x_wconf 82' lang='grc'>523.</span> <span class='ocrx_word' id='word_1_97' title='bbox 619 1242 652 1252; x_wconf 89' lang='grc'><strong>-</strong></span> <span class='ocrx_word' id='word_1_98' title='bbox 669 1212 791 1266; x_wconf 84' lang='lat' dir='ltr'><strong><em>Ceterum</em></strong></span> <span class='ocrx_word' id='word_1_99' title='bbox 806 1229 829 1266; x_wconf 90' lang='lat' dir='ltr'><strong><em>u.</em></strong></span> <span class='ocrx_word' id='word_1_100' title='bbox 841 1219 892 1268; x_wconf 91' lang='grc'><strong><em>333</em></strong></span> <span class='ocrx_word' id='word_1_101' title='bbox 908 1212 1053 1268; x_wconf 75' lang='lat' dir='ltr'><strong><em>excissatis</em></strong></span> <span class='ocrx_word' id='word_1_102' title='bbox 1067 1231 1137 1270; x_wconf 82' lang='lat' dir='ltr'><strong><em>corr.</em></strong></span> <span class='ocrx_word' id='word_1_103' title='bbox 1157 1215 1318 1288; x_wconf 80' lang='lat' dir='ltr'><strong><em>Vssinqius.</em></strong></span> 
     </span>
    </p>
   </div>
   <div class='ocr_carea' id='block_1_4' title="bbox 159 1299 1318 1612">
    <p class='ocr_par' dir='ltr' id='par_1_4' title="bbox 159 1299 1318 1612">
     <span class='ocr_line' id='line_1_12' title="bbox 254 1299 1318 1375; baseline 0.006 -21"><span class='ocrx_word' id='word_1_104' title='bbox 254 1306 314 1355; x_wconf 85' lang='lat'><strong>384.</strong></span> <span class='ocrx_word' id='word_1_105' title='bbox 344 1299 472 1370; x_wconf 78' lang='lat' dir='ltr'><strong><em>purgitas</em></strong></span> <span class='ocrx_word' id='word_1_106' title='bbox 488 1301 613 1355; x_wconf 83' lang='lat' dir='ltr'><strong><em>Bottius.</em></strong></span> <span class='ocrx_word' id='word_1_107' title='bbox 642 1299 758 1371; x_wconf 80' lang='lat' dir='ltr'><strong><em>purigus</em></strong></span> <span class='ocrx_word' id='word_1_108' title='bbox 773 1302 806 1356; x_wconf 84' lang='lat' dir='ltr'><strong><em>L.</em></strong></span> <span class='ocrx_word' id='word_1_109' title='bbox 822 1301 974 1357; x_wconf 81' lang='lat' dir='ltr'><strong><em>Muellerus</em></strong></span> <span class='ocrx_word' id='word_1_110' title='bbox 991 1304 1024 1356; x_wconf 85' lang='lat' dir='ltr'><strong><em>in</em></strong></span> <span class='ocrx_word' id='word_1_111' title='bbox 1041 1304 1231 1359; x_wconf 83' lang='lat' dir='ltr'><strong><em>adnotatione.</em></strong></span> <span class='ocrx_word' id='word_1_112' title='bbox 1251 1323 1318 1375; x_wconf 87' lang='lat' dir='ltr'><strong><em>pur·</em></strong></span> 
     </span>
     <span class='ocr_line' id='line_1_13' title="bbox 161 1381 1318 1453; baseline 0.005 -19"><span class='ocrx_word' id='word_1_113' title='bbox 161 1381 254 1450; x_wconf 79' lang='lat' dir='ltr'><strong><em>gitcnt</em></strong></span> <span class='ocrx_word' id='word_1_114' title='bbox 269 1382 421 1451; x_wconf 84' lang='lat' dir='ltr'><strong><em>Vssinqius,</em></strong></span> <span class='ocrx_word' id='word_1_115' title='bbox 434 1397 528 1436; x_wconf 84' lang='lat' dir='ltr'><strong><em>uersus</em></strong></span> <span class='ocrx_word' id='word_1_116' title='bbox 546 1387 597 1435; x_wconf 86' lang='lat'><strong><em>383</em></strong></span> <span class='ocrx_word' id='word_1_117' title='bbox 607 1397 644 1451; x_wconf 89' lang='lat' dir='ltr'><strong><em>sq.</em></strong></span> <span class='ocrx_word' id='word_1_118' title='bbox 660 1383 833 1437; x_wconf 82' lang='lat' dir='ltr'><strong><em>continuatos</em></strong></span> <span class='ocrx_word' id='word_1_119' title='bbox 851 1383 973 1437; x_wconf 85' lang='lat' dir='ltr'><strong><em>uersibus</em></strong></span> <span class='ocrx_word' id='word_1_120' title='bbox 992 1387 1044 1436; x_wconf 81' lang='grc'><strong><em>405</em></strong></span> <span class='ocrx_word' id='word_1_121' title='bbox 1054 1399 1109 1453; x_wconf 87' lang='lat' dir='ltr'><strong><em>sqq.</em></strong></span> <span class='ocrx_word' id='word_1_122' title='bbox 1124 1385 1163 1438; x_wconf 89' lang='lat' dir='ltr'><strong><em>od</em></strong></span> <span class='ocrx_word' id='word_1_123' title='bbox 1181 1385 1318 1440; x_wconf 85' lang='lat' dir='ltr'><strong><em>lacunam</em></strong></span> 
     </span>
     <span class='ocr_line' id='line_1_14' title="bbox 159 1460 1317 1534; baseline 0.006 -19"><span class='ocrx_word' id='word_1_124' title='bbox 159 1466 222 1529; x_wconf 76' lang='lat' dir='ltr'><strong><em>post</em></strong></span> <span class='ocrx_word' id='word_1_125' title='bbox 240 1480 264 1516; x_wconf 89' lang='lat' dir='ltr'><strong><em>o.</em></strong></span> <span class='ocrx_word' id='word_1_126' title='bbox 280 1467 334 1515; x_wconf 87' lang='grc'><strong><em>555</em></strong></span> <span class='ocrx_word' id='word_1_127' title='bbox 354 1460 515 1529; x_wconf 74' lang='lat' dir='ltr'><strong><em>explendam</em></strong></span> <span class='ocrx_word' id='word_1_128' title='bbox 533 1461 664 1516; x_wconf 81' lang='lat' dir='ltr'><strong><em>adhibens</em></strong></span> <span class='ocrx_word' id='word_1_129' title='bbox 690 1461 750 1528; x_wconf 86' lang='lat' dir='ltr'><strong><em>(ubi</em></strong></span> <span class='ocrx_word' id='word_1_130' title='bbox 767 1464 849 1516; x_wconf 87' lang='lat' dir='ltr'><strong><em>etiam</em></strong></span> <span class='ocrx_word' id='word_1_131' title='bbox 867 1479 892 1518; x_wconf 89' lang='lat' dir='ltr'><strong><em>o.</em></strong></span> <span class='ocrx_word' id='word_1_132' title='bbox 907 1467 959 1516; x_wconf 80' lang='lat'><strong><em>382</em></strong></span> <span class='ocrx_word' id='word_1_133' title='bbox 978 1464 1086 1533; x_wconf 85' lang='lat' dir='ltr'><strong><em>intulit)</em></strong></span> <span class='ocrx_word' id='word_1_134' title='bbox 1105 1464 1271 1534; x_wconf 79' lang='lat' dir='ltr'><strong><em>refroqonte</em></strong></span> <span class='ocrx_word' id='word_1_135' title='bbox 1286 1466 1317 1521; x_wconf 77' lang='lat' dir='ltr'><strong><em>A</em></strong></span> 
     </span>
     <span class='ocr_line' id='line_1_15' title="bbox 162 1543 417 1612; baseline 0 -16"><span class='ocrx_word' id='word_1_136' title='bbox 162 1558 284 1612; x_wconf 79' lang='lat' dir='ltr'><strong><em>carroque</em></strong></span> <span class='ocrx_word' id='word_1_137' title='bbox 300 1543 417 1596; x_wconf 85' lang='lat' dir='ltr'><strong><em>ratione.</em></strong></span> 
     </span>
    </p>
   </div>
   <div class='ocr_carea' id='block_1_5' title="bbox 162 1636 1318 2509">
    <p class='ocr_par' dir='ltr' id='par_1_5' title="bbox 162 1636 1318 2509">
     <span class='ocr_line' id='line_1_16' title="bbox 250 1636 1318 1710; baseline 0.005 -18"><span class='ocrx_word' id='word_1_138' title='bbox 250 1644 302 1694; x_wconf 86' lang='grc'><strong><em>405</em></strong></span> <span class='ocrx_word' id='word_1_139' title='bbox 312 1656 366 1710; x_wconf 86' lang='lat' dir='ltr'><strong><em>sqq.</em></strong></span> <span class='ocrx_word' id='word_1_140' title='bbox 395 1639 458 1693; x_wconf 87' lang='lat' dir='ltr'><strong><em>Non</em></strong></span> <span class='ocrx_word' id='word_1_141' title='bbox 477 1637 566 1707; x_wconf 84' lang='lat' dir='ltr'><strong><em>quusi,</em></strong></span> <span class='ocrx_word' id='word_1_142' title='bbox 582 1637 606 1691; x_wconf 93' lang='lat' dir='ltr'><strong><em>si</em></strong></span> <span class='ocrx_word' id='word_1_143' title='bbox 620 1638 652 1691; x_wconf 90' lang='lat' dir='ltr'><strong><em>ut</em></strong></span> <span class='ocrx_word' id='word_1_144' title='bbox 666 1639 732 1692; x_wconf 88' lang='lat' dir='ltr'><strong><em>sunt</em></strong></span> <span class='ocrx_word' id='word_1_145' title='bbox 750 1636 813 1692; x_wconf 87' lang='lat' dir='ltr'><strong><em>heic</em></strong></span> <span class='ocrx_word' id='word_1_146' title='bbox 828 1638 983 1694; x_wconf 83' lang='lat' dir='ltr'><strong><em>Acidaliae.</em></strong></span> <span class='ocrx_word' id='word_1_147' title='bbox 1012 1639 1076 1694; x_wconf 88' lang='lat' dir='ltr'><strong><em>Nou</em></strong></span> <span class='ocrx_word' id='word_1_148' title='bbox 1095 1640 1176 1708; x_wconf 80' lang='lat' dir='ltr'><strong><em>qussi</em></strong></span> <span class='ocrx_word' id='word_1_149' title='bbox 1196 1642 1318 1698; x_wconf 81' lang='lat' dir='ltr'><strong><em>uthasc</em></strong></span> 
     </span>
     <span class='ocr_line' id='line_1_17' title="bbox 162 1716 1317 1788; baseline 0.005 -16"><span class='ocrx_word' id='word_1_150' title='bbox 162 1719 280 1773; x_wconf 87' lang='lat' dir='ltr'><strong><em>sumtuis</em></strong></span> <span class='ocrx_word' id='word_1_151' title='bbox 299 1719 420 1788; x_wconf 84' lang='lat' dir='ltr'><strong><em>Sealiqer</em></strong></span> <span class='ocrx_word' id='word_1_152' title='bbox 439 1720 457 1773; x_wconf 88' lang='lat' dir='ltr'><strong><em>l.</em></strong></span> <span class='ocrx_word' id='word_1_153' title='bbox 471 1734 492 1772; x_wconf 89' lang='lat' dir='ltr'><strong><em>s.</em></strong></span> <span class='ocrx_word' id='word_1_154' title='bbox 507 1734 527 1772; x_wconf 88' lang='lat' dir='ltr'><strong><em>s.</em></strong></span> <span class='ocrx_word' id='word_1_155' title='bbox 548 1718 595 1787; x_wconf 85' lang='lat' dir='ltr'><strong><em>(cs.</em></strong></span> <span class='ocrx_word' id='word_1_156' title='bbox 614 1719 695 1773; x_wconf 84' lang='lat' dir='ltr'><strong><em>etiam</em></strong></span> <span class='ocrx_word' id='word_1_157' title='bbox 715 1716 831 1771; x_wconf 83' lang='lat' dir='ltr'><strong><em>Goniect.</em></strong></span> <span class='ocrx_word' id='word_1_158' title='bbox 851 1718 889 1772; x_wconf 87' lang='lat' dir='ltr'><strong><em>od</em></strong></span> <span class='ocrx_word' id='word_1_159' title='bbox 907 1716 1022 1773; x_wconf 86' lang='lat' dir='ltr'><strong><em>Festum</em></strong></span> <span class='ocrx_word' id='word_1_160' title='bbox 1041 1736 1072 1788; x_wconf 80' lang='lat' dir='ltr'><strong><em>p.</em></strong></span> <span class='ocrx_word' id='word_1_161' title='bbox 1087 1721 1167 1787; x_wconf 86' lang='lat'><em>199),</em></span> <span class='ocrx_word' id='word_1_162' title='bbox 1190 1723 1317 1778; x_wconf 72' lang='lat' dir='ltr'><strong><em>cussus</em></strong></span> 
     </span>
     <span class='ocr_line' id='line_1_18' title="bbox 162 1798 1316 1872; baseline 0.003 -19"><span class='ocrx_word' id='word_1_163' title='bbox 162 1805 223 1853; x_wconf 82' lang='grc'>405.</span> <span class='ocrx_word' id='word_1_164' title='bbox 243 1804 305 1854; x_wconf 78' lang='grc'>407.</span> <span class='ocrx_word' id='word_1_165' title='bbox 325 1802 377 1852; x_wconf 87' lang='grc'><strong><em>403</em></strong></span> <span class='ocrx_word' id='word_1_166' title='bbox 396 1800 550 1867; x_wconf 88' lang='lat' dir='ltr'><strong><em>adiunqens</em></strong></span> <span class='ocrx_word' id='word_1_167' title='bbox 567 1816 591 1853; x_wconf 87' lang='lat' dir='ltr'><strong><em>o.</em></strong></span> <span class='ocrx_word' id='word_1_168' title='bbox 607 1804 674 1866; x_wconf 90' lang='grc'>333,</span> <span class='ocrx_word' id='word_1_169' title='bbox 694 1798 765 1866; x_wconf 88' lang='lat' dir='ltr'><strong><em>quod</em></strong></span> <span class='ocrx_word' id='word_1_170' title='bbox 791 1813 852 1851; x_wconf 89' lang='lat' dir='ltr'><strong><em>cum</em></strong></span> <span class='ocrx_word' id='word_1_171' title='bbox 870 1798 936 1853; x_wconf 87' lang='lat' dir='ltr'><strong><em>aliis</em></strong></span> <span class='ocrx_word' id='word_1_172' title='bbox 961 1798 1006 1868; x_wconf 75' lang='lat' dir='ltr'><strong><em>(ef.</em></strong></span> <span class='ocrx_word' id='word_1_173' title='bbox 1027 1799 1064 1853; x_wconf 85' lang='lat' dir='ltr'><strong><em>ad</em></strong></span> <span class='ocrx_word' id='word_1_174' title='bbox 1082 1815 1106 1853; x_wconf 90' lang='lat' dir='ltr'><strong><em>o.</em></strong></span> <span class='ocrx_word' id='word_1_175' title='bbox 1123 1802 1187 1869; x_wconf 86' lang='grc'>334)</span> <span class='ocrx_word' id='word_1_176' title='bbox 1212 1802 1316 1872; x_wconf 79' lang='lat' dir='ltr'><strong><em>impro</em></strong></span> 
     </span>
     <span class='ocr_line' id='line_1_19' title="bbox 162 1876 1317 1946; baseline 0.004 -13"><span class='ocrx_word' id='word_1_177' title='bbox 162 1879 285 1933; x_wconf 86' lang='lat' dir='ltr'><strong><em>bandum</em></strong></span> <span class='ocrx_word' id='word_1_178' title='bbox 312 1894 368 1932; x_wconf 89' lang='lat' dir='ltr'><strong><em>non</em></strong></span> <span class='ocrx_word' id='word_1_179' title='bbox 396 1895 449 1946; x_wconf 74' lang='lat' dir='ltr'><strong><em>esse</em></strong></span> <span class='ocrx_word' id='word_1_180' title='bbox 471 1879 554 1933; x_wconf 78' lang='lat' dir='ltr'><strong><em>deecit</em></strong></span> <span class='ocrx_word' id='word_1_181' title='bbox 577 1877 782 1932; x_wconf 83' lang='lat' dir='ltr'><strong><em>Stndemundus</em></strong></span> <span class='ocrx_word' id='word_1_182' title='bbox 810 1877 890 1933; x_wconf 84' lang='lat' dir='ltr'><strong><em>Stud.</em></strong></span> <span class='ocrx_word' id='word_1_183' title='bbox 909 1876 949 1932; x_wconf 93' lang='lat' dir='ltr'><strong><em>II</em></strong></span> <span class='ocrx_word' id='word_1_184' title='bbox 960 1895 989 1946; x_wconf 83' lang='lat' dir='ltr'><strong><em>p.</em></strong></span> <span class='ocrx_word' id='word_1_185' title='bbox 1004 1882 1069 1944; x_wconf 88' lang='grc'>433,</span> <span class='ocrx_word' id='word_1_186' title='bbox 1096 1880 1179 1935; x_wconf 84' lang='lat' dir='ltr'><strong><em>eliam</em></strong></span> <span class='ocrx_word' id='word_1_187' title='bbox 1207 1897 1317 1938; x_wconf 73' lang='lat' dir='ltr'><strong><em>comm</em></strong></span> 
     </span>
     <span class='ocr_line' id='line_1_20' title="bbox 163 1952 1317 2027; baseline 0.007 -16"><span class='ocrx_word' id='word_1_188' title='bbox 163 1957 291 2012; x_wconf 81' lang='lat' dir='ltr'><strong><em>Scrsttse</em></strong></span> <span class='ocrx_word' id='word_1_189' title='bbox 312 1958 496 2027; x_wconf 84' lang='lat' dir='ltr'><strong><em>scrupipedss</em></strong></span> <span class='ocrx_word' id='word_1_190' title='bbox 516 1952 690 2010; x_wconf 83' lang='lat' dir='ltr'><strong><em>strittiuillas</em></strong></span> <span class='ocrx_word' id='word_1_191' title='bbox 710 1955 837 2011; x_wconf 81' lang='lat' dir='ltr'><strong><em>sordidas</em></strong></span> <span class='ocrx_word' id='word_1_192' title='bbox 861 1974 895 2012; x_wconf 77' lang='lat' dir='ltr'><strong><em>es</em></strong></span> <span class='ocrx_word' id='word_1_193' title='bbox 917 1959 1002 2013; x_wconf 86' lang='lat' dir='ltr'><strong><em>dubia</em></strong></span> <span class='ocrx_word' id='word_1_194' title='bbox 1025 1958 1160 2014; x_wconf 75' lang='lat' dir='ltr'><strong><em>Varronis</em></strong></span> <span class='ocrx_word' id='word_1_195' title='bbox 1182 1963 1317 2019; x_wconf 68' lang='lat' dir='ltr'><strong><em>samaria</em></strong></span> 
     </span>
     <span class='ocr_line' id='line_1_21' title="bbox 166 2036 1316 2113; baseline 0.003 -21"><span class='ocrx_word' id='word_1_196' title='bbox 166 2038 218 2092; x_wconf 83' lang='lat' dir='ltr'><strong><em>leuc</em></strong></span> <span class='ocrx_word' id='word_1_197' title='bbox 236 2053 365 2092; x_wconf 81' lang='lat' dir='ltr'><strong><em>reuocans</em></strong></span> <span class='ocrx_word' id='word_1_198' title='bbox 382 2037 510 2106; x_wconf 84' lang='lat' dir='ltr'><strong><em>neqlectis</em></strong></span> <span class='ocrx_word' id='word_1_199' title='bbox 528 2036 672 2090; x_wconf 81' lang='lat' dir='ltr'><strong><em>ltitscleelii</em></strong></span> <span class='ocrx_word' id='word_1_200' title='bbox 690 2037 847 2103; x_wconf 84' lang='lat' dir='ltr'><strong><em>rationibus</em></strong></span> <span class='ocrx_word' id='word_1_201' title='bbox 864 2037 979 2108; x_wconf 80' lang='lat' dir='ltr'><strong><em>Parerq.</em></strong></span> <span class='ocrx_word' id='word_1_202' title='bbox 997 2055 1026 2107; x_wconf 80' lang='lat' dir='ltr'><strong><em>n.</em></strong></span> <span class='ocrx_word' id='word_1_203' title='bbox 1041 2043 1104 2094; x_wconf 88' lang='grc'>474.</span> <span class='ocrx_word' id='word_1_204' title='bbox 1139 2040 1316 2113; x_wconf 62' lang='lat' dir='ltr'><strong><em>Quamquam</em></strong></span> 
     </span>
     <span class='ocr_line' id='line_1_22' title="bbox 165 2117 1316 2187; baseline 0.005 -14"><span class='ocrx_word' id='word_1_205' title='bbox 165 2120 197 2173; x_wconf 91' lang='lat' dir='ltr'><strong><em>in</em></strong></span> <span class='ocrx_word' id='word_1_206' title='bbox 210 2119 373 2187; x_wconf 74' lang='lat' dir='ltr'><strong><em>¹apoqroplio</em></strong></span> <span class='ocrx_word' id='word_1_207' title='bbox 392 2124 417 2173; x_wconf 91' lang='lat' dir='ltr'><strong><em>et</em></strong></span> <span class='ocrx_word' id='word_1_208' title='bbox 434 2135 459 2173; x_wconf 86' lang='lat' dir='ltr'><strong><em>a.</em></strong></span> <span class='ocrx_word' id='word_1_209' title='bbox 473 2121 525 2171; x_wconf 86' lang='grc'><strong><em>403</em></strong></span> <span class='ocrx_word' id='word_1_210' title='bbox 544 2117 654 2186; x_wconf 85' lang='lat' dir='ltr'><strong><em>ueqaoit</em></strong></span> <span class='ocrx_word' id='word_1_211' title='bbox 672 2135 690 2170; x_wconf 86' lang='lat' dir='ltr'><strong><em>a</em></strong></span> <span class='ocrx_word' id='word_1_212' title='bbox 709 2131 835 2173; x_wconf 68' lang='lat' dir='ltr'><strong><em>cernuo</em></strong></span> <span class='ocrx_word' id='word_1_213' title='bbox 853 2119 975 2187; x_wconf 77' lang='lat' dir='ltr'><strong><em>incipere</em></strong></span> <span class='ocrx_word' id='word_1_214' title='bbox 989 2119 1112 2186; x_wconf 80' lang='lat' dir='ltr'><strong><em>potuisse</em></strong></span> <span class='ocrx_word' id='word_1_215' title='bbox 1130 2126 1156 2175; x_wconf 84' lang='lat' dir='ltr'><strong><em>et</em></strong></span> <span class='ocrx_word' id='word_1_216' title='bbox 1173 2139 1201 2177; x_wconf 80' lang='lat' dir='ltr'><strong><em>a.</em></strong></span> <span class='ocrx_word' id='word_1_217' title='bbox 1216 2128 1271 2177; x_wconf 87' lang='grc'>410</span> <span class='ocrx_word' id='word_1_218' title='bbox 1289 2130 1316 2179; x_wconf 81' lang='lat' dir='ltr'><strong><em>et</em></strong></span> 
     </span>
     <span class='ocr_line' id='line_1_23' title="bbox 162 2198 1314 2265; baseline 0.002 -12"><span class='ocrx_word' id='word_1_219' title='bbox 162 2205 214 2254; x_wconf 84' lang='grc'>413</span> <span class='ocrx_word' id='word_1_220' title='bbox 234 2217 251 2253; x_wconf 89' lang='lat' dir='ltr'><strong><em>a</em></strong></span> <span class='ocrx_word' id='word_1_221' title='bbox 271 2212 463 2265; x_wconf 70' lang='lat' dir='ltr'><strong><em>cuscuusss,</em></strong></span> <span class='ocrx_word' id='word_1_222' title='bbox 481 2214 541 2252; x_wconf 90' lang='lat' dir='ltr'><strong><em>eum</em></strong></span> <span class='ocrx_word' id='word_1_223' title='bbox 560 2199 592 2250; x_wconf 85' lang='lat' dir='ltr'><strong><em>r&#39;n</em></strong></span> <span class='ocrx_word' id='word_1_224' title='bbox 610 2199 832 2252; x_wconf 75' lang='lat' dir='ltr'><strong><em>commentatione</em></strong></span> <span class='ocrx_word' id='word_1_225' title='bbox 855 2198 907 2252; x_wconf 87' lang='lat' dir='ltr'><strong><em>illa</em></strong></span> <span class='ocrx_word' id='word_1_226' title='bbox 930 2214 953 2252; x_wconf 85' lang='lat' dir='ltr'><strong><em>n.</em></strong></span> <span class='ocrx_word' id='word_1_227' title='bbox 970 2202 1023 2252; x_wconf 85' lang='grc'><strong><em>334</em></strong></span> <span class='ocrx_word' id='word_1_228' title='bbox 1047 2199 1160 2255; x_wconf 86' lang='lat' dir='ltr'><strong><em>omuino</em></strong></span> <span class='ocrx_word' id='word_1_229' title='bbox 1183 2204 1314 2260; x_wconf 54' lang='lat' dir='ltr'><strong><em>emisena</em></strong></span> 
     </span>
     <span class='ocr_line' id='line_1_24' title="bbox 164 2275 1313 2350; baseline 0.003 -16"><span class='ocrx_word' id='word_1_230' title='bbox 164 2279 285 2334; x_wconf 76' lang='lat' dir='ltr'><strong><em>Ceterum</em></strong></span> <span class='ocrx_word' id='word_1_231' title='bbox 312 2297 337 2335; x_wconf 86' lang='lat' dir='ltr'><strong><em>o.</em></strong></span> <span class='ocrx_word' id='word_1_232' title='bbox 353 2285 405 2334; x_wconf 88' lang='grc'>408</span> <span class='ocrx_word' id='word_1_233' title='bbox 433 2280 466 2333; x_wconf 87' lang='lat' dir='ltr'><strong><em>de</em></strong></span> <span class='ocrx_word' id='word_1_234' title='bbox 492 2279 638 2347; x_wconf 80' lang='lat' dir='ltr'><strong><em>seripturis</em></strong></span> <span class='ocrx_word' id='word_1_235' title='bbox 666 2275 775 2331; x_wconf 77' lang='lat' dir='ltr'><strong><em>extritis</em></strong></span> <span class='ocrx_word' id='word_1_236' title='bbox 799 2278 840 2332; x_wconf 92' lang='lat' dir='ltr'><strong><em>oel</em></strong></span> <span class='ocrx_word' id='word_1_237' title='bbox 863 2278 978 2332; x_wconf 85' lang='lat' dir='ltr'><strong><em>extortis</em></strong></span> <span class='ocrx_word' id='word_1_238' title='bbox 1002 2283 1028 2331; x_wconf 88' lang='lat' dir='ltr'><strong><em>et</em></strong></span> <span class='ocrx_word' id='word_1_239' title='bbox 1049 2277 1158 2333; x_wconf 88' lang='lat' dir='ltr'><strong><em>todillis</em></strong></span> <span class='ocrx_word' id='word_1_240' title='bbox 1183 2281 1313 2350; x_wconf 81' lang='lat' dir='ltr'><strong><em>(todellis</em></strong></span> 
     </span>
     <span class='ocr_line' id='line_1_25' title="bbox 163 2356 1312 2431; baseline 0.003 -17"><span class='ocrx_word' id='word_1_241' title='bbox 163 2359 237 2431; x_wconf 84' lang='lat' dir='ltr'><strong><em>[enne</em></strong></span> <span class='ocrx_word' id='word_1_242' title='bbox 255 2357 314 2430; x_wconf 68' lang='lat' dir='ltr'><strong><em>Ae]</em></strong></span> <span class='ocrx_word' id='word_1_243' title='bbox 335 2358 459 2427; x_wconf 82' lang='lat' dir='ltr'><strong><em>Scaliqer</em></strong></span> <span class='ocrx_word' id='word_1_244' title='bbox 477 2364 502 2412; x_wconf 84' lang='lat' dir='ltr'><strong><em>et</em></strong></span> <span class='ocrx_word' id='word_1_245' title='bbox 522 2356 732 2425; x_wconf 81' lang='lat' dir='ltr'><strong><em>Gaasaubonus)</em></strong></span> <span class='ocrx_word' id='word_1_246' title='bbox 749 2358 790 2412; x_wconf 84' lang='lat' dir='ltr'><strong><em>uel</em></strong></span> <span class='ocrx_word' id='word_1_247' title='bbox 808 2356 927 2411; x_wconf 89' lang='lat' dir='ltr'><strong><em>crotillis</em></strong></span> <span class='ocrx_word' id='word_1_248' title='bbox 948 2357 999 2427; x_wconf 88' lang='lat' dir='ltr'><strong><em>(sic</em></strong></span> <span class='ocrx_word' id='word_1_249' title='bbox 1017 2357 1146 2413; x_wconf 82' lang='lat' dir='ltr'><strong><em>Laeuius</em></strong></span> <span class='ocrx_word' id='word_1_250' title='bbox 1159 2368 1312 2429; x_wconf 68' lang='lat' dir='ltr'><strong><em>maeeuute</em></strong></span> 
     </span>
     <span class='ocr_line' id='line_1_26' title="bbox 162 2437 1311 2509; baseline 0.003 -16"><span class='ocrx_word' id='word_1_251' title='bbox 162 2438 270 2494; x_wconf 86' lang='lat' dir='ltr'><strong><em>crotilis</em></strong></span> <span class='ocrx_word' id='word_1_252' title='bbox 294 2439 443 2509; x_wconf 83' lang='lat' dir='ltr'><strong><em>Scaliqero)</em></strong></span> <span class='ocrx_word' id='word_1_253' title='bbox 471 2438 600 2492; x_wconf 86' lang='lat' dir='ltr'><strong><em>dubitant</em></strong></span> <span class='ocrx_word' id='word_1_254' title='bbox 627 2437 845 2507; x_wconf 79' lang='lat' dir='ltr'><strong><em>dubitabantque</em></strong></span> <span class='ocrx_word' id='word_1_255' title='bbox 871 2438 990 2492; x_wconf 81' lang='lat' dir='ltr'><strong><em>homines</em></strong></span> <span class='ocrx_word' id='word_1_256' title='bbox 1018 2438 1099 2493; x_wconf 85' lang='lat' dir='ltr'><strong><em>docti.</em></strong></span> <span class='ocrx_word' id='word_1_257' title='bbox 1136 2438 1189 2495; x_wconf 74' lang='lat' dir='ltr'><strong><em>Es</em></strong></span> <span class='ocrx_word' id='word_1_258' title='bbox 1205 2442 1236 2497; x_wconf 77' lang='lat' dir='ltr'><strong><em>A</em></strong></span> <span class='ocrx_word' id='word_1_259' title='bbox 1258 2456 1311 2497; x_wconf 71' lang='lat' dir='ltr'><strong><em>xx·</em></strong></span> 
     </span>
    </p>
   </div>
   <div class='ocr_carea' id='block_1_6' title="bbox 160 2534 1311 3108">
    <p class='ocr_par' dir='ltr' id='par_1_6' title="bbox 162 2534 1311 2616">
     <span class='ocr_line' id='line_1_27' title="bbox 162 2534 1311 2616; baseline 0.003 -15"><span class='ocrx_word' id='word_1_260' title='bbox 162 2560 287 2616; x_wconf 64' lang='lat' dir='ltr'><strong><em>russum</em></strong></span> <span class='ocrx_word' id='word_1_261' title='bbox 306 2553 330 2601; x_wconf 91' lang='lat' dir='ltr'><strong><em>et</em></strong></span> <span class='ocrx_word' id='word_1_262' title='bbox 349 2546 432 2601; x_wconf 85' lang='lat' dir='ltr'><strong><em>Festo</em></strong></span> <span class='ocrx_word' id='word_1_263' title='bbox 451 2534 536 2599; x_wconf 68' lang='lat' dir='ltr'><strong><em>exitis</em></strong></span> <span class='ocrx_word' id='word_1_264' title='bbox 556 2544 675 2613; x_wconf 86' lang='lat' dir='ltr'><strong><em>coqitore</em></strong></span> <span class='ocrx_word' id='word_1_265' title='bbox 687 2545 778 2612; x_wconf 81' lang='lat' dir='ltr'><strong><em>possis</em></strong></span> <span class='ocrx_word' id='word_1_266' title='bbox 796 2544 829 2597; x_wconf 89' lang='lat' dir='ltr'><strong><em>de</em></strong></span> <span class='ocrx_word' id='word_1_267' title='bbox 847 2543 962 2599; x_wconf 84' lang='lat' dir='ltr'><strong><em>extortis</em></strong></span> <span class='ocrx_word' id='word_1_268' title='bbox 980 2561 1045 2598; x_wconf 89' lang='lat' dir='ltr'><strong><em>oera</em></strong></span> <span class='ocrx_word' id='word_1_269' title='bbox 1063 2545 1221 2615; x_wconf 79' lang='lat' dir='ltr'><strong><em>scriptura,</em></strong></span> <span class='ocrx_word' id='word_1_270' title='bbox 1239 2550 1311 2605; x_wconf 83' lang='lat' dir='ltr'><strong><em>unde</em></strong></span> 
     </span>
    </p>

    <p class='ocr_par' dir='ltr' id='par_1_7' title="bbox 161 2622 1310 2697">
     <span class='ocr_line' id='line_1_28' title="bbox 161 2622 1310 2697; baseline 0.003 -15"><span class='ocrx_word' id='word_1_271' title='bbox 161 2629 283 2697; x_wconf 87' lang='lat' dir='ltr'><strong><em>reliquae</em></strong></span> <span class='ocrx_word' id='word_1_272' title='bbox 306 2632 381 2682; x_wconf 83' lang='lat' dir='ltr'><strong><em>ortae</em></strong></span> <span class='ocrx_word' id='word_1_273' title='bbox 407 2627 470 2681; x_wconf 86' lang='lat' dir='ltr'><strong><em>sint.</em></strong></span> <span class='ocrx_word' id='word_1_274' title='bbox 507 2625 652 2680; x_wconf 70' lang='lat' dir='ltr'><strong><em>Proemeo</em></strong></span> <span class='ocrx_word' id='word_1_275' title='bbox 675 2623 791 2679; x_wconf 89' lang='lat' dir='ltr'><strong><em>todillus</em></strong></span> <span class='ocrx_word' id='word_1_276' title='bbox 815 2625 859 2678; x_wconf 85' lang='lat' dir='ltr'><strong><em>est</em></strong></span> <span class='ocrx_word' id='word_1_277' title='bbox 885 2622 998 2694; x_wconf 80' lang='lat' dir='ltr'><strong><em>gracilis</em></strong></span> <span class='ocrx_word' id='word_1_278' title='bbox 1022 2641 1056 2679; x_wconf 80' lang='lat' dir='ltr'><strong><em>ec</em></strong></span> <span class='ocrx_word' id='word_1_279' title='bbox 1078 2626 1176 2696; x_wconf 86' lang='lat' dir='ltr'><strong><em>qlossis</em></strong></span> <span class='ocrx_word' id='word_1_280' title='bbox 1195 2627 1310 2684; x_wconf 67' lang='lat' dir='ltr'><strong><em>Muten-</em></strong></span> 
     </span>
    </p>

    <p class='ocr_par' dir='ltr' id='par_1_8' title="bbox 160 2703 1304 2781">
     <span class='ocr_line' id='line_1_29' title="bbox 160 2703 1304 2781; baseline 0.003 -20"><span class='ocrx_word' id='word_1_281' title='bbox 160 2708 236 2762; x_wconf 88' lang='lat' dir='ltr'><strong><em>sibns</em></strong></span> <span class='ocrx_word' id='word_1_282' title='bbox 256 2705 338 2761; x_wconf 83' lang='lat' dir='ltr'><em>GGL.</em></span> <span class='ocrx_word' id='word_1_283' title='bbox 363 2707 390 2761; x_wconf 95' lang='lat' dir='ltr'><strong><em>V</em></strong></span> <span class='ocrx_word' id='word_1_284' title='bbox 403 2724 431 2776; x_wconf 80' lang='lat' dir='ltr'><strong><em>p.</em></strong></span> <span class='ocrx_word' id='word_1_285' title='bbox 448 2709 513 2775; x_wconf 74' lang='lat'><strong><em>624,</em></strong></span> <span class='ocrx_word' id='word_1_286' title='bbox 526 2709 564 2761; x_wconf 89' lang='grc'><strong><em>39</em></strong></span> <span class='ocrx_word' id='word_1_287' title='bbox 582 2708 661 2774; x_wconf 81' lang='lat' dir='ltr'><strong><em>offert</em></strong></span> <span class='ocrx_word' id='word_1_288' title='bbox 682 2704 815 2760; x_wconf 81' lang='lat' dir='ltr'><strong><em>Goeteius.</em></strong></span> <span class='ocrx_word' id='word_1_289' title='bbox 835 2735 868 2743; x_wconf 96' lang='lat'>—</span> <span class='ocrx_word' id='word_1_290' title='bbox 898 2703 930 2758; x_wconf 94' lang='lat' dir='ltr'><strong><em>V.</em></strong></span> <span class='ocrx_word' id='word_1_291' title='bbox 944 2708 998 2759; x_wconf 89' lang='grc'><strong><em>444</em></strong></span> <span class='ocrx_word' id='word_1_292' title='bbox 1016 2706 1114 2760; x_wconf 79' lang='lat' dir='ltr'><strong><em>sciisse</em></strong></span> <span class='ocrx_word' id='word_1_293' title='bbox 1132 2707 1164 2761; x_wconf 88' lang='lat' dir='ltr'><strong><em>in</em></strong></span> <span class='ocrx_word' id='word_1_294' title='bbox 1183 2706 1304 2781; x_wconf 83' lang='lat' dir='ltr'><strong><em>&lt;mi&gt;ris</em></strong></span> 
     </span>
    </p>

    <p class='ocr_par' dir='ltr' id='par_1_9' title="bbox 161 2783 1308 2935">
     <span class='ocr_line' id='line_1_30' title="bbox 161 2783 1308 2935; baseline 0.006 -97"><span class='ocrx_word' id='word_1_295' title='bbox 161 2784 392 2935; x_wconf 45' lang='lat' dir='ltr'><strong><em>ffldfimsideglells)</em></strong></span> <span class='ocrx_word' id='word_1_296' title='bbox 401 2785 493 2840; x_wconf 87' lang='lat' dir='ltr'><strong><em>modis</em></strong></span> <span class='ocrx_word' id='word_1_297' title='bbox 511 2791 600 2841; x_wconf 88' lang='lat' dir='ltr'><strong><em>monet</em></strong></span> <span class='ocrx_word' id='word_1_298' title='bbox 618 2785 766 2856; x_wconf 74' lang='lat' dir='ltr'><strong><em>Seyfferlus</em></strong></span> <span class='ocrx_word' id='word_1_299' title='bbox 793 2787 835 2852; x_wconf 88' lang='lat' dir='ltr'><strong><em>(ut</em></strong></span> <span class='ocrx_word' id='word_1_300' title='bbox 860 2803 883 2843; x_wconf 89' lang='lat' dir='ltr'><strong><em>o.</em></strong></span> <span class='ocrx_word' id='word_1_301' title='bbox 899 2791 949 2839; x_wconf 83' lang='lat'><strong><em>391</em></strong></span> <span class='ocrx_word' id='word_1_302' title='bbox 969 2786 1000 2838; x_wconf 88' lang='lat' dir='ltr'><strong><em>in</em></strong></span> <span class='ocrx_word' id='word_1_303' title='bbox 1019 2783 1111 2856; x_wconf 84' lang='lat' dir='ltr'><strong><em>&lt;i&gt;110</em></strong></span> <span class='ocrx_word' id='word_1_304' title='bbox 1130 2788 1171 2843; x_wconf 79' lang='lat' dir='ltr'><strong><em>ool</em></strong></span> <span class='ocrx_word' id='word_1_305' title='bbox 1191 2786 1308 2862; x_wconf 84' lang='lat' dir='ltr'><strong><em>&lt;nu&gt;110</em></strong></span> 
     </span>
    </p>

    <p class='ocr_par' dir='ltr' id='par_1_10' title="bbox 161 2908 1307 3108">
     <span class='ocr_line' id='line_1_31' title="bbox 161 2908 1307 3106; baseline 0.003 -95"><span class='ocrx_word' id='word_1_306' title='bbox 161 3037 183 3092; x_wconf 74' lang='lat' dir='ltr'><strong><em>S</em></strong></span> <span class='ocrx_word' id='word_1_307' title='bbox 216 2908 311 3106; x_wconf 61' lang='lat' dir='ltr'><strong><em>fflbO.</em></strong></span> <span class='ocrx_word' id='word_1_308' title='bbox 340 2954 434 3011; x_wconf 72' lang='lat' dir='ltr'><strong><em>Mea*</em></strong></span> <span class='ocrx_word' id='word_1_309' title='bbox 449 2973 466 3011; x_wconf 77' lang='lat' dir='ltr'><strong><em>s</em></strong></span> <span class='ocrx_word' id='word_1_310' title='bbox 481 2971 498 3012; x_wconf 71' lang='lat' dir='ltr'><strong><em>s</em></strong></span> <span class='ocrx_word' id='word_1_311' title='bbox 512 2971 529 3011; x_wconf 74' lang='lat' dir='ltr'><strong><em>s</em></strong></span> <span class='ocrx_word' id='word_1_312' title='bbox 544 2953 724 3028; x_wconf 81' lang='lat' dir='ltr'><strong><em>sus&lt;uitas)‚</em></strong></span> <span class='ocrx_word' id='word_1_313' title='bbox 739 2970 854 3022; x_wconf 79' lang='lat' dir='ltr'><strong><em>sequere</em></strong></span> <span class='ocrx_word' id='word_1_314' title='bbox 868 2954 904 3008; x_wconf 83' lang='lat' dir='ltr'><strong><em>sd</em></strong></span> <span class='ocrx_word' id='word_1_315' title='bbox 919 2971 963 3008; x_wconf 90' lang='lat' dir='ltr'><strong><em>ms</em></strong></span> <span class='ocrx_word' id='word_1_316' title='bbox 978 2952 1150 3028; x_wconf 78' lang='lat' dir='ltr'><strong><em>(actutum)</em></strong></span> <span class='ocrx_word' id='word_1_317' title='bbox 1168 2959 1307 3029; x_wconf 64' lang='lat' dir='ltr'><strong><em>umptooit</em></strong></span> 
     </span>
     <span class='ocr_line' id='line_1_32' title="bbox 183 3043 318 3108; baseline -0.022 -16"><span class='ocrx_word' id='word_1_318' title='bbox 183 3055 215 3108; x_wconf 81' lang='lat' dir='ltr'><strong><em>ey</em></strong></span> <span class='ocrx_word' id='word_1_319' title='bbox 238 3043 318 3093; x_wconf 86' lang='lat' dir='ltr'><strong><em>crtus.</em></strong></span> 
     </span>
    </p>
   </div>
   <div class='ocr_carea' id='block_1_7' title="bbox 161 3142 1304 3533">
    <p class='ocr_par' dir='ltr' id='par_1_11' title="bbox 161 3142 1304 3533">
     <span class='ocr_line' id='line_1_33' title="bbox 251 3142 1304 3214; baseline 0.005 -19"><span class='ocrx_word' id='word_1_320' title='bbox 251 3147 301 3196; x_wconf 84' lang='grc'><strong><em>451</em></strong></span> <span class='ocrx_word' id='word_1_321' title='bbox 313 3159 350 3212; x_wconf 89' lang='lat' dir='ltr'><strong><em>sq.</em></strong></span> <span class='ocrx_word' id='word_1_322' title='bbox 380 3142 421 3209; x_wconf 82' lang='lat' dir='ltr'><strong><em>Os.</em></strong></span> <span class='ocrx_word' id='word_1_323' title='bbox 441 3142 617 3214; x_wconf 67' lang='lat' dir='ltr'><strong><em>Ladcuriqius</em></strong></span> <span class='ocrx_word' id='word_1_324' title='bbox 635 3142 709 3196; x_wconf 86' lang='lat' dir='ltr'><strong><em>Mus.</em></strong></span> <span class='ocrx_word' id='word_1_325' title='bbox 724 3142 811 3197; x_wconf 85' lang='lat' dir='ltr'><strong><em>Rben.</em></strong></span> <span class='ocrx_word' id='word_1_326' title='bbox 831 3160 858 3197; x_wconf 93' lang='lat' dir='ltr'><strong><em>n.</em></strong></span> <span class='ocrx_word' id='word_1_327' title='bbox 875 3143 897 3195; x_wconf 88' lang='lat' dir='ltr'><strong><em>I</em></strong></span> <span class='ocrx_word' id='word_1_328' title='bbox 897 3143 917 3194; x_wconf 89' lang='grc' dir='ltr'><em>Ι</em></span> <span class='ocrx_word' id='word_1_329' title='bbox 918 3142 938 3194; x_wconf 92' lang='grc' dir='ltr'><em>Ι</em></span> <span class='ocrx_word' id='word_1_330' title='bbox 951 3159 981 3211; x_wconf 78' lang='lat' dir='ltr'><strong><em>p.</em></strong></span> <span class='ocrx_word' id='word_1_331' title='bbox 997 3147 1060 3199; x_wconf 85' lang='lat'><strong><em>530.</em></strong></span> <span class='ocrx_word' id='word_1_332' title='bbox 1075 3174 1110 3185; x_wconf 95' lang='lat'>-</span> <span class='ocrx_word' id='word_1_333' title='bbox 1125 3145 1207 3212; x_wconf 86' lang='lat' dir='ltr'><strong><em>Tun&#39;‚</em></strong></span> <span class='ocrx_word' id='word_1_334' title='bbox 1226 3148 1257 3200; x_wconf 90' lang='lat' dir='ltr'><strong><em>tu</em></strong></span> <span class='ocrx_word' id='word_1_335' title='bbox 1272 3163 1304 3200; x_wconf 87' lang='lat' dir='ltr'><strong><em>us</em></strong></span> 
     </span>
     <span class='ocr_line' id='line_1_34' title="bbox 166 3222 1304 3298; baseline 0.003 -20"><span class='ocrx_word' id='word_1_336' title='bbox 166 3225 311 3279; x_wconf 82' lang='lat' dir='ltr'><strong><em>Prisciani</em></strong></span> <span class='ocrx_word' id='word_1_337' title='bbox 333 3223 449 3277; x_wconf 79' lang='lat' dir='ltr'><strong><em>Aldina.</em></strong></span> <span class='ocrx_word' id='word_1_338' title='bbox 487 3222 578 3291; x_wconf 83' lang='lat' dir='ltr'><strong><em>Tunc,</em></strong></span> <span class='ocrx_word' id='word_1_339' title='bbox 602 3225 633 3276; x_wconf 91' lang='lat' dir='ltr'><strong><em>tu</em></strong></span> <span class='ocrx_word' id='word_1_340' title='bbox 656 3223 787 3278; x_wconf 75' lang='lat' dir='ltr'><strong><em>Horisius</em></strong></span> <span class='ocrx_word' id='word_1_341' title='bbox 811 3223 977 3278; x_wconf 81' lang='lat' dir='ltr'><strong><em>drebitauter.</em></strong></span> <span class='ocrx_word' id='word_1_342' title='bbox 1014 3224 1085 3279; x_wconf 86' lang='lat' dir='ltr'><strong><em>Tum</em></strong></span> <span class='ocrx_word' id='word_1_343' title='bbox 1109 3226 1140 3279; x_wconf 89' lang='lat' dir='ltr'><strong><em>tu</em></strong></span> <span class='ocrx_word' id='word_1_344' title='bbox 1164 3225 1304 3298; x_wconf 77' lang='lat' dir='ltr'><strong><em>Vssiuqiur</em></strong></span> 
     </span>
     <span class='ocr_line' id='line_1_35' title="bbox 162 3302 1304 3374; baseline 0.002 -14"><span class='ocrx_word' id='word_1_345' title='bbox 162 3322 223 3361; x_wconf 89' lang='lat' dir='ltr'><strong><em>cum</em></strong></span> <span class='ocrx_word' id='word_1_346' title='bbox 241 3306 278 3372; x_wconf 81' lang='grc' dir='ltr'><strong><em>Α,</em></strong></span> <span class='ocrx_word' id='word_1_347' title='bbox 296 3304 366 3358; x_wconf 88' lang='lat' dir='ltr'><strong><em>male</em></strong></span> <span class='ocrx_word' id='word_1_348' title='bbox 382 3305 464 3358; x_wconf 87' lang='lat' dir='ltr'><strong><em>uerba</em></strong></span> <span class='ocrx_word' id='word_1_349' title='bbox 484 3304 634 3374; x_wconf 76' lang='lat' dir='ltr'><strong><em>Gymnasio</em></strong></span> <span class='ocrx_word' id='word_1_350' title='bbox 652 3304 782 3358; x_wconf 85' lang='lat' dir='ltr'><strong><em>tribuens.</em></strong></span> <span class='ocrx_word' id='word_1_351' title='bbox 803 3335 835 3343; x_wconf 94' lang='lat'><em>-</em></span> <span class='ocrx_word' id='word_1_352' title='bbox 856 3305 884 3358; x_wconf 87' lang='lat' dir='ltr'><strong><em>ts</em></strong></span> <span class='ocrx_word' id='word_1_353' title='bbox 908 3302 1090 3359; x_wconf 81' lang='lat' dir='ltr'><strong><em>fraterculum</em></strong></span> <span class='ocrx_word' id='word_1_354' title='bbox 1113 3307 1163 3361; x_wconf 80' lang='lat' dir='ltr'><strong><em>oia</em></strong></span> <span class='ocrx_word' id='word_1_355' title='bbox 1181 3312 1251 3361; x_wconf 84' lang='lat' dir='ltr'><strong><em>recte</em></strong></span> <span class='ocrx_word' id='word_1_356' title='bbox 1267 3309 1304 3362; x_wconf 89' lang='lat' dir='ltr'><strong><em>ita</em></strong></span> 
     </span>
     <span class='ocr_line' id='line_1_36' title="bbox 161 3384 1303 3453; baseline -0.001 -11"><span class='ocrx_word' id='word_1_357' title='bbox 161 3386 306 3453; x_wconf 80' lang='lat' dir='ltr'><strong><em>defendas,</em></strong></span> <span class='ocrx_word' id='word_1_358' title='bbox 334 3389 365 3438; x_wconf 91' lang='lat' dir='ltr'><strong><em>ut</em></strong></span> <span class='ocrx_word' id='word_1_359' title='bbox 393 3390 505 3439; x_wconf 84' lang='lat' dir='ltr'><strong><em>matrem</em></strong></span> <span class='ocrx_word' id='word_1_360' title='bbox 532 3385 564 3438; x_wconf 86' lang='lat' dir='ltr'><strong><em>de</em></strong></span> <span class='ocrx_word' id='word_1_361' title='bbox 590 3385 665 3452; x_wconf 63' lang='lat' dir='ltr'><strong><em>eilias</em></strong></span> <span class='ocrx_word' id='word_1_362' title='bbox 691 3385 840 3450; x_wconf 67' lang='lat' dir='ltr'><strong><em>fraterculo</em></strong></span> <span class='ocrx_word' id='word_1_363' title='bbox 872 3384 990 3452; x_wconf 85' lang='lat' dir='ltr'><strong><em>coqitare</em></strong></span> <span class='ocrx_word' id='word_1_364' title='bbox 1021 3385 1106 3439; x_wconf 84' lang='lat' dir='ltr'><strong><em>dieas.</em></strong></span> <span class='ocrx_word' id='word_1_365' title='bbox 1151 3385 1231 3440; x_wconf 85' lang='lat' dir='ltr'><strong><em>Velut</em></strong></span> <span class='ocrx_word' id='word_1_366' title='bbox 1259 3384 1303 3441; x_wconf 77' lang='lat' dir='ltr'><strong><em>ted</em></strong></span> 
     </span>
     <span class='ocr_line' id='line_1_37' title="bbox 161 3465 1303 3533; baseline 0.002 -13"><span class='ocrx_word' id='word_1_367' title='bbox 161 3465 336 3520; x_wconf 86' lang='lat' dir='ltr'><strong><em>ulumuulum</em></strong></span> <span class='ocrx_word' id='word_1_368' title='bbox 365 3481 400 3518; x_wconf 81' lang='lat' dir='ltr'><strong><em>ex</em></strong></span> <span class='ocrx_word' id='word_1_369' title='bbox 426 3465 576 3533; x_wconf 77' lang='lat' dir='ltr'><strong><em>superioris</em></strong></span> <span class='ocrx_word' id='word_1_370' title='bbox 603 3480 696 3519; x_wconf 82' lang='lat' dir='ltr'><strong><em>uersus</em></strong></span> <span class='ocrx_word' id='word_1_371' title='bbox 722 3465 798 3518; x_wconf 82' lang='lat' dir='ltr'><strong><em>cuitu</em></strong></span> <span class='ocrx_word' id='word_1_372' title='bbox 826 3465 937 3533; x_wconf 78' lang='lat' dir='ltr'><strong><em>repetito</em></strong></span> <span class='ocrx_word' id='word_1_373' title='bbox 965 3465 1107 3533; x_wconf 80' lang='lat' dir='ltr'><strong><em>depulsum</em></strong></span> <span class='ocrx_word' id='word_1_374' title='bbox 1130 3481 1186 3520; x_wconf 88' lang='lat' dir='ltr'><strong><em>esse</em></strong></span> <span class='ocrx_word' id='word_1_375' title='bbox 1211 3467 1303 3522; x_wconf 80' lang='lat' dir='ltr'><strong><em>statuit</em></strong></span> 
     </span>
    </p>
   </div>
   <div class='ocr_carea' id='block_1_8' title="bbox 162 3544 808 3618">
    <p class='ocr_par' dir='ltr' id='par_1_12' title="bbox 162 3544 808 3618">
     <span class='ocr_line' id='line_1_38' title="bbox 162 3544 808 3618; baseline -0.005 -16"><span class='ocrx_word' id='word_1_376' title='bbox 162 3547 312 3618; x_wconf 77' lang='lat' dir='ltr'><strong><em>Seyffertus</em></strong></span> <span class='ocrx_word' id='word_1_377' title='bbox 331 3545 451 3600; x_wconf 84' lang='lat' dir='ltr'><strong><em>Studem.</em></strong></span> <span class='ocrx_word' id='word_1_378' title='bbox 471 3544 550 3599; x_wconf 89' lang='lat' dir='ltr'><strong><em>Stud.</em></strong></span> <span class='ocrx_word' id='word_1_379' title='bbox 571 3544 614 3596; x_wconf 90' lang='grc' dir='ltr'><strong><em>ΙΙ</em></strong></span> <span class='ocrx_word' id='word_1_380' title='bbox 627 3561 656 3612; x_wconf 78' lang='lat' dir='ltr'><strong><em>p.</em></strong></span> <span class='ocrx_word' id='word_1_381' title='bbox 673 3547 726 3598; x_wconf 89' lang='grc'>434</span> <span class='ocrx_word' id='word_1_382' title='bbox 744 3545 808 3599; x_wconf 89' lang='lat' dir='ltr'><strong><em>adn.</em></strong></span> 
     </span>
    </p>
   </div>
   <div class='ocr_carea' id='block_1_9' title="bbox 161 3632 1302 3946">
    <p class='ocr_par' dir='ltr' id='par_1_13' title="bbox 161 3632 1302 3946">
     <span class='ocr_line' id='line_1_39' title="bbox 250 3632 1302 3705; baseline 0.001 -17"><span class='ocrx_word' id='word_1_383' title='bbox 250 3641 311 3690; x_wconf 88' lang='grc'>454.</span> <span class='ocrx_word' id='word_1_384' title='bbox 343 3634 468 3703; x_wconf 81' lang='lat' dir='ltr'><strong><em>Ooqe&#39;tare</em></strong></span> <span class='ocrx_word' id='word_1_385' title='bbox 482 3635 573 3703; x_wconf 79' lang='lat' dir='ltr'><strong><em>possis</em></strong></span> <span class='ocrx_word' id='word_1_386' title='bbox 591 3634 623 3687; x_wconf 89' lang='lat' dir='ltr'><strong><em>de</em></strong></span> <span class='ocrx_word' id='word_1_387' title='bbox 640 3633 698 3686; x_wconf 77' lang='lat' dir='ltr'><strong><em>Mu.</em></strong></span> <span class='ocrx_word' id='word_1_388' title='bbox 718 3634 825 3702; x_wconf 81' lang='lat' dir='ltr'><strong><em>Opsrse</em></strong></span> <span class='ocrx_word' id='word_1_389' title='bbox 846 3634 897 3687; x_wconf 88' lang='lat' dir='ltr'><strong><em>sist</em></strong></span> <span class='ocrx_word' id='word_1_390' title='bbox 916 3665 948 3673; x_wconf 97' lang='lat'>—</span> <span class='ocrx_word' id='word_1_391' title='bbox 968 3636 1020 3688; x_wconf 76' lang='lat' dir='ltr'><strong><em>AL.</em></strong></span> <span class='ocrx_word' id='word_1_392' title='bbox 1041 3632 1108 3688; x_wconf 85' lang='lat' dir='ltr'><strong><em>Sino</em></strong></span> <span class='ocrx_word' id='word_1_393' title='bbox 1127 3634 1220 3689; x_wconf 81' lang='lat' dir='ltr'><strong><em>dicum</em></strong></span> <span class='ocrx_word' id='word_1_394' title='bbox 1237 3632 1302 3705; x_wconf 71' lang='lat' dir='ltr'><strong><em>(its.</em></strong></span> 
     </span>
     <span class='ocr_line' id='line_1_40' title="bbox 162 3713 1301 3782; baseline 0.001 -12"><span class='ocrx_word' id='word_1_395' title='bbox 162 3715 297 3770; x_wconf 77' lang='lat' dir='ltr'><strong><em>Odiosu&#39;s.</em></strong></span> <span class='ocrx_word' id='word_1_396' title='bbox 335 3717 386 3768; x_wconf 74' lang='lat' dir='ltr'><strong><em>Au.</em></strong></span> <span class='ocrx_word' id='word_1_397' title='bbox 408 3714 554 3780; x_wconf 78' lang='lat' dir='ltr'><strong><em>Goetrins).</em></strong></span> <span class='ocrx_word' id='word_1_398' title='bbox 575 3743 608 3753; x_wconf 94' lang='lat'>-</span> <span class='ocrx_word' id='word_1_399' title='bbox 629 3713 703 3767; x_wconf 87' lang='lat' dir='ltr'><strong><em>Dein</em></strong></span> <span class='ocrx_word' id='word_1_400' title='bbox 722 3714 796 3782; x_wconf 85' lang='lat' dir='ltr'><strong><em>sapit</em></strong></span> <span class='ocrx_word' id='word_1_401' title='bbox 815 3713 884 3767; x_wconf 86' lang='lat' dir='ltr'><strong><em>mihi</em></strong></span> <span class='ocrx_word' id='word_1_402' title='bbox 905 3713 965 3768; x_wconf 80' lang='lat' dir='ltr'><strong><em>suis</em></strong></span> <span class='ocrx_word' id='word_1_403' title='bbox 984 3715 1033 3768; x_wconf 78' lang='lat' dir='ltr'><strong><em>cia</em></strong></span> <span class='ocrx_word' id='word_1_404' title='bbox 1055 3719 1126 3770; x_wconf 83' lang='lat' dir='ltr'><strong><em>recte</em></strong></span> <span class='ocrx_word' id='word_1_405' title='bbox 1144 3720 1194 3770; x_wconf 88' lang='lat' dir='ltr'><strong><em>aut</em></strong></span> <span class='ocrx_word' id='word_1_406' title='bbox 1212 3716 1301 3771; x_wconf 65' lang='lat' dir='ltr'><strong><em>lecim</em></strong></span> 
     </span>
     <span class='ocr_line' id='line_1_41' title="bbox 161 3793 1297 3866; baseline 0 -17"><span class='ocrx_word' id='word_1_407' title='bbox 161 3802 198 3850; x_wconf 87' lang='lat' dir='ltr'><strong><em>est</em></strong></span> <span class='ocrx_word' id='word_1_408' title='bbox 218 3801 266 3849; x_wconf 89' lang='lat' dir='ltr'><strong><em>unt</em></strong></span> <span class='ocrx_word' id='word_1_409' title='bbox 286 3796 433 3849; x_wconf 81' lang='lat' dir='ltr'><strong><em>traditum.-</em></strong></span> <span class='ocrx_word' id='word_1_410' title='bbox 451 3810 536 3863; x_wconf 88' lang='lat' dir='ltr'><strong><em>neque</em></strong></span> <span class='ocrx_word' id='word_1_411' title='bbox 555 3794 626 3847; x_wconf 84' lang='lat' dir='ltr'><strong><em>enim</em></strong></span> <span class='ocrx_word' id='word_1_412' title='bbox 644 3793 764 3864; x_wconf 87' lang='lat' dir='ltr'><strong><em>inlelleqi</em></strong></span> <span class='ocrx_word' id='word_1_413' title='bbox 777 3799 875 3864; x_wconf 79' lang='lat' dir='ltr'><strong><em>potest,</em></strong></span> <span class='ocrx_word' id='word_1_414' title='bbox 893 3795 1000 3850; x_wconf 85' lang='lat' dir='ltr'><strong><em>etiamsi</em></strong></span> <span class='ocrx_word' id='word_1_415' title='bbox 1020 3794 1102 3850; x_wconf 80' lang='lat' dir='ltr'><strong><em>‘auis’</em></strong></span> <span class='ocrx_word' id='word_1_416' title='bbox 1120 3812 1175 3866; x_wconf 77' lang='lat' dir='ltr'><strong><em>pro</em></strong></span> <span class='ocrx_word' id='word_1_417' title='bbox 1196 3794 1297 3851; x_wconf 80' lang='lat' dir='ltr'><strong><em>‘omine&#39;</em></strong></span> 
     </span>
     <span class='ocr_line' id='line_1_42' title="bbox 162 3872 1074 3946; baseline -0.001 -15"><span class='ocrx_word' id='word_1_418' title='bbox 162 3878 291 3946; x_wconf 76' lang='lat' dir='ltr'><strong><em>accipias.</em></strong></span> <span class='ocrx_word' id='word_1_419' title='bbox 333 3874 388 3929; x_wconf 78' lang='lat' dir='ltr'><strong><em>Vise</em></strong></span> <span class='ocrx_word' id='word_1_420' title='bbox 407 3874 559 3940; x_wconf 80' lang='lat' dir='ltr'><strong><em>satisfaciet</em></strong></span> <span class='ocrx_word' id='word_1_421' title='bbox 578 3872 653 3926; x_wconf 77' lang='lat' dir='ltr'><strong><em>Satis</em></strong></span> <span class='ocrx_word' id='word_1_422' title='bbox 673 3873 752 3942; x_wconf 79' lang='lat' dir='ltr'><strong><em>sapio</em></strong></span> <span class='ocrx_word' id='word_1_423' title='bbox 771 3874 842 3927; x_wconf 89' lang='lat' dir='ltr'><strong><em>mihi</em></strong></span> <span class='ocrx_word' id='word_1_424' title='bbox 861 3875 917 3929; x_wconf 87' lang='lat' dir='ltr'><strong><em>tuis</em></strong></span> <span class='ocrx_word' id='word_1_425' title='bbox 936 3872 1074 3944; x_wconf 82' lang='lat' dir='ltr'><strong><em>periuriis.</em></strong></span> 
     </span>
    </p>
   </div>
   <div class='ocr_carea' id='block_1_10' title="bbox 161 3974 1351 4308">
    <p class='ocr_par' dir='ltr' id='par_1_14' title="bbox 161 3974 1351 4308">
     <span class='ocr_line' id='line_1_43' title="bbox 249 3974 1294 4070; baseline -0.002 -19"><span class='ocrx_word' id='word_1_426' title='bbox 249 4004 310 4053; x_wconf 84' lang='lat'>455.</span> <span class='ocrx_word' id='word_1_427' title='bbox 336 3998 417 4053; x_wconf 80' lang='lat' dir='ltr'><strong><em>Recte</em></strong></span> <span class='ocrx_word' id='word_1_428' title='bbox 440 4000 472 4053; x_wconf 86' lang='lat' dir='ltr'><strong><em>in</em></strong></span> <span class='ocrx_word' id='word_1_429' title='bbox 496 3996 624 4067; x_wconf 90' lang='lat' dir='ltr'><strong><em>polliceri</em></strong></span> <span class='ocrx_word' id='word_1_430' title='bbox 649 3998 715 4052; x_wconf 90' lang='lat' dir='ltr'><strong><em>uolo</em></strong></span> <span class='ocrx_word' id='word_1_431' title='bbox 738 3998 828 4053; x_wconf 79' lang='lat' dir='ltr'><strong><em>haeret</em></strong></span> <span class='ocrx_word' id='word_1_432' title='bbox 846 3998 1007 4069; x_wconf 77' lang='lat' dir='ltr'><strong><em>Seyfl&#39;ertus:</em></strong></span> <span class='ocrx_word' id='word_1_433' title='bbox 1029 4017 1096 4054; x_wconf 92' lang='lat' dir='ltr'><strong><em>nam</em></strong></span> <span class='ocrx_word' id='word_1_434' title='bbox 1119 4016 1202 4070; x_wconf 84' lang='lat' dir='ltr'><strong><em>noque</em></strong></span> <span class='ocrx_word' id='word_1_435' title='bbox 1223 3974 1294 4069; x_wconf 73' lang='lat' dir='ltr'><strong><em>pilli-</em></strong></span> 
     </span>
     <span class='ocr_line' id='line_1_44' title="bbox 163 4078 1341 4151; baseline 0.002 -18"><span class='ocrx_word' id='word_1_436' title='bbox 163 4081 218 4134; x_wconf 86' lang='lat' dir='ltr'><strong><em>ceri</em></strong></span> <span class='ocrx_word' id='word_1_437' title='bbox 236 4095 322 4147; x_wconf 86' lang='lat' dir='ltr'><strong><em>neque</em></strong></span> <span class='ocrx_word' id='word_1_438' title='bbox 340 4078 467 4147; x_wconf 65' lang='lat' dir='ltr'><strong><em>polliceri</em></strong></span> <span class='ocrx_word' id='word_1_439' title='bbox 484 4079 596 4133; x_wconf 86' lang='lat' dir='ltr'><strong><em>admitti</em></strong></span> <span class='ocrx_word' id='word_1_440' title='bbox 612 4083 707 4147; x_wconf 84' lang='lat' dir='ltr'><strong><em>potest,</em></strong></span> <span class='ocrx_word' id='word_1_441' title='bbox 725 4095 786 4132; x_wconf 91' lang='lat' dir='ltr'><strong><em>cum</em></strong></span> <span class='ocrx_word' id='word_1_442' title='bbox 802 4078 935 4149; x_wconf 72' lang='lat' dir='ltr'><strong><em>polliciti</em></strong></span> <span class='ocrx_word' id='word_1_443' title='bbox 954 4080 1001 4133; x_wconf 91' lang='lat' dir='ltr'><strong><em>ulo</em></strong></span> <span class='ocrx_word' id='word_1_444' title='bbox 1020 4085 1076 4135; x_wconf 90' lang='lat' dir='ltr'><strong><em>tam</em></strong></span> <span class='ocrx_word' id='word_1_445' title='bbox 1095 4081 1206 4151; x_wconf 84' lang='lat' dir='ltr'><strong><em>linquae</em></strong></span> <span class='ocrx_word' id='word_1_446' title='bbox 1223 4092 1341 4149; x_wconf 66' lang='lat' dir='ltr'><strong><em>quot..</em></strong></span> 
     </span>
     <span class='ocr_line' id='line_1_45' title="bbox 161 4154 1351 4230; baseline -0.001 -15"><span class='ocrx_word' id='word_1_447' title='bbox 161 4162 241 4216; x_wconf 87' lang='lat' dir='ltr'><strong><em>metri</em></strong></span> <span class='ocrx_word' id='word_1_448' title='bbox 259 4160 409 4215; x_wconf 84' lang='lat' dir='ltr'><strong><em>obseruatio</em></strong></span> <span class='ocrx_word' id='word_1_449' title='bbox 428 4160 564 4215; x_wconf 85' lang='lat' dir='ltr'><strong><em>excludat.</em></strong></span> <span class='ocrx_word' id='word_1_450' title='bbox 600 4161 649 4213; x_wconf 87' lang='lat' dir='ltr'><strong><em>An</em></strong></span> <span class='ocrx_word' id='word_1_451' title='bbox 667 4162 736 4225; x_wconf 65' lang='lat' dir='ltr'><strong><em>sirit:</em></strong></span> <span class='ocrx_word' id='word_1_452' title='bbox 761 4158 952 4230; x_wconf 83' lang='lat' dir='ltr'><strong><em>(supplicium)</em></strong></span> <span class='ocrx_word' id='word_1_453' title='bbox 979 4158 1083 4214; x_wconf 82' lang='lat' dir='ltr'><strong><em>licituri</em></strong></span> <span class='ocrx_word' id='word_1_454' title='bbox 1106 4157 1172 4214; x_wconf 90' lang='lat' dir='ltr'><strong><em>uolo</em></strong></span> <span class='ocrx_word' id='word_1_455' title='bbox 1194 4160 1233 4214; x_wconf 89' lang='lat' dir='ltr'><strong><em>oel</em></strong></span> <span class='ocrx_word' id='word_1_456' title='bbox 1252 4154 1351 4228; x_wconf 52' lang='lat' dir='ltr'><strong><em>poN</em></strong></span> 
     </span>
     <span class='ocr_line' id='line_1_46' title="bbox 161 4239 705 4308; baseline -0.006 -13"><span class='ocrx_word' id='word_1_457' title='bbox 161 4241 214 4296; x_wconf 88' lang='lat' dir='ltr'><strong><em>tibi</em></strong></span> <span class='ocrx_word' id='word_1_458' title='bbox 233 4243 300 4296; x_wconf 84' lang='lat' dir='ltr'><strong><em>duro</em></strong></span> <span class='ocrx_word' id='word_1_459' title='bbox 319 4240 385 4295; x_wconf 86' lang='lat' dir='ltr'><strong><em>uolo</em></strong></span> <span class='ocrx_word' id='word_1_460' title='bbox 402 4241 443 4295; x_wconf 88' lang='lat' dir='ltr'><strong><em>oel</em></strong></span> <span class='ocrx_word' id='word_1_461' title='bbox 461 4239 509 4308; x_wconf 87' lang='lat' dir='ltr'><strong><em>pol</em></strong></span> <span class='ocrx_word' id='word_1_462' title='bbox 529 4239 599 4293; x_wconf 88' lang='lat' dir='ltr'><strong><em>sumi</em></strong></span> <span class='ocrx_word' id='word_1_463' title='bbox 620 4240 705 4294; x_wconf 80' lang='lat' dir='ltr'><strong><em>uolo?</em></strong></span> 
     </span>
    </p>
   </div>
   <div class='ocr_carea' id='block_1_11' title="bbox 197 4338 1351 4511">
    <p class='ocr_par' dir='ltr' id='par_1_15' title="bbox 197 4338 1351 4511">
     <span class='ocr_line' id='line_1_47' title="bbox 248 4338 1182 4408; baseline -0.001 -16"><span class='ocrx_word' id='word_1_464' title='bbox 248 4345 298 4392; x_wconf 82' lang='grc'>467</span> <span class='ocrx_word' id='word_1_465' title='bbox 310 4356 366 4408; x_wconf 86' lang='lat' dir='ltr'><strong><em>sqq.</em></strong></span> <span class='ocrx_word' id='word_1_466' title='bbox 388 4338 533 4407; x_wconf 77' lang='lat' dir='ltr'><strong><em>Reliquias</em></strong></span> <span class='ocrx_word' id='word_1_467' title='bbox 551 4339 634 4392; x_wconf 83' lang='lat' dir='ltr'><strong><em>nimis</em></strong></span> <span class='ocrx_word' id='word_1_468' title='bbox 653 4344 744 4392; x_wconf 87' lang='lat' dir='ltr'><strong><em>tenues</em></strong></span> <span class='ocrx_word' id='word_1_469' title='bbox 763 4340 800 4393; x_wconf 86' lang='lat' dir='ltr'><strong><em>ad</em></strong></span> <span class='ocrx_word' id='word_1_470' title='bbox 818 4339 866 4392; x_wconf 79' lang='lat' dir='ltr'><strong><em>lece</em></strong></span> <span class='ocrx_word' id='word_1_471' title='bbox 885 4339 1033 4407; x_wconf 79' lang='lat' dir='ltr'><strong><em>exernplum</em></strong></span> <span class='ocrx_word' id='word_1_472' title='bbox 1052 4338 1182 4393; x_wconf 78' lang='lat' dir='ltr'><strong><em>adtribui:</em></strong></span> 
     </span>
     <span class='ocr_line' id='line_1_48' title="bbox 197 4434 1351 4511; baseline -0.001 -21"><span class='ocrx_word' id='word_1_473' title='bbox 197 4438 255 4491; x_wconf 74' lang='lat' dir='ltr'><strong><em>Mn.</em></strong></span> <span class='ocrx_word' id='word_1_474' title='bbox 276 4434 373 4506; x_wconf 80' lang='lat' dir='ltr'><strong><em>Qu6&lt;r</em></strong></span> <span class='ocrx_word' id='word_1_475' title='bbox 393 4435 517 4490; x_wconf 81' lang='lat' dir='ltr'><strong><em>deludis?</em></strong></span> <span class='ocrx_word' id='word_1_476' title='bbox 536 4439 616 4490; x_wconf 84' lang='lat' dir='ltr'><strong><em>mitte</em></strong></span> <span class='ocrx_word' id='word_1_477' title='bbox 631 4453 720 4505; x_wconf 81' lang='lat' dir='ltr'><strong><em>nugas</em></strong></span> <span class='ocrx_word' id='word_1_478' title='bbox 735 4434 880 4508; x_wconf 83' lang='lat' dir='ltr'><strong><em>b&gt;bsocr0.</em></strong></span> <span class='ocrx_word' id='word_1_479' title='bbox 913 4438 982 4491; x_wconf 72' lang='lat' dir='ltr'><strong><em>Auo.</em></strong></span> <span class='ocrx_word' id='word_1_480' title='bbox 997 4435 1035 4490; x_wconf 82' lang='lat' dir='ltr'><strong><em>At</em></strong></span> <span class='ocrx_word' id='word_1_481' title='bbox 1049 4436 1154 4490; x_wconf 74' lang='lat' dir='ltr'><strong><em>frustra</em></strong></span> <span class='ocrx_word' id='word_1_482' title='bbox 1167 4434 1351 4511; x_wconf 56' lang='grc' dir='ltr'>60330ῐῇ</span> 
     </span>
    </p>
   </div>
   <div class='ocr_carea' id='block_1_12' title="bbox 0 0 1482 5678">
    <p class='ocr_par' dir='ltr' id='par_1_16' title="bbox 0 0 1482 5678">
     <span class='ocr_line' id='line_1_49' title="bbox 0 0 1482 5678; baseline 0 0"><span class='ocrx_word' id='word_1_483' title='bbox 0 0 1482 5678; x_wconf 95' lang='lat' dir='ltr'><strong><em> </em></strong></span> 
     </span>
    </p>
   </div>
  </div>
 </body>
</html>
