2940 5062
228 283 270 347 38
731 281 866 336 nuuvn
1182 281 1210 336 11
1224 288 1251 351 s,
1265 287 1371 336 14-22

228 431 307 527 [Ubi
331 445 408 532 quid
431 446 639 530 subrupuere,
663 449 776 530 operto
800 445 943 530 cripitulo
966 444 1105 510 calidum
1128 445 1270 527 bibunt]

228 551 352 618 Tristes
376 556 472 638 atque
495 550 609 617 ebrioli
633 551 823 617 abscedunt:
847 555 903 617 eo's
926 573 987 638 ego
1010 574 1096 617 nunc
1119 552 1148 616 si
1173 552 1346 635 offendero,

227 639 278 724 Εκ
301 681 495 745 unoquoque
518 661 628 723 eorum
652 659 811 724 excutiam
835 659 992 743 crepitum
1015 659 1243 742 polentzirium.
1321 676 1374 724 29⁶

229 765 312 830 Tum
335 766 391 830 isti
414 766 469 850 qui
492 765 609 831 ludunt
630 765 768 830 datatim
793 767 877 830 servi
900 788 1083 832 scurrarum
1105 764 1140 829 in
1163 766 1217 830 via

229 851 275 935 Et
297 871 426 936 datores
450 874 483 935 et
505 871 646 938 factores
669 873 775 937 omnis
800 873 936 937 subdam
960 873 1021 938 sub
1044 873 1159 938 solum.

228 977 328 1044 Proin
351 1001 421 1043 sese
445 978 535 1043 dorni
555 981 752 1064 contineant,
775 979 879 1044 vitent
901 980 1088 1046 infortunio.

679 1103 919 1170 Pnsnuuouvs

228 1208 327 1274 Recte
341 1209 394 1275 hic
408 1213 578 1293 monstrat,
597 1210 625 1273 si
639 1209 787 1295 inperare
801 1212 918 1295 possit:
937 1234 1013 1276 num
1029 1212 1077 1276 itu
1089 1233 1176 1276 nunc
1190 1213 1263 1275 mos
1278 1211 1377 1296 viget,

229 1300 281 1379 itu
303 1337 389 1381 nunc
412 1316 624 1381 servitiumst:
647 1317 794 1402 profecto
819 1317 932 1383 modus
955 1318 1069 1383 haberi
1088 1320 1155 1382 nou
1173 1320 1293 1401 potest.
1322 1333 1377 1381 300

711 1440 888 1507 Ovnovuro

228 1534 350 1633 Flcquis
369 1552 418 1611 est
437 1548 491 1632 qui
507 1546 591 1612 mihi
606 1553 827 1613 conmonstret
840 1548 1076 1615 Phaedromum
1091 1551 1223 1636 genium
1242 1547 1374 1614 meum?

299 1747 360 1796 294.
382 1741 517 1796 Osteruue
529 1758 558 1810 p.
574 1744 622 1795 73.-
642 1739 794 1794 ebriolus
809 1781 885 1798 .....
900 1742 973 1796 uude
984 1743 1100 1797 Plautus
1116 1743 1255 1799 ‘tristes
1270 1745 1374 1812 utque

228 1822 357 1877 ebrioli
379 1820 543 1876 incedunt
632 1824 691 1873 29⁶.
722 1820 1071 1890 Clmrisirssp.239,19:
1096 1823 1171 1878 Trit
1194 1824 1321 1879 Naevius
1344 1823 1374 1876 in

229 1901 390 1957 Corollaria.
428 1900 570 1970 significet
591 1900 699 1966 eutem,
726 1901 759 1952 ut
781 1900 823 1954 uit
844 1901 960 1956 Plautus
985 1902 1014 1956 in
1036 1903 1161 1971 quodum
1184 1902 1375 1972 ‘crepitum

228 1980 495 2051 polenterium'‚
523 1979 552 2033 id
576 1982 620 2033 est
641 1977 767 2047 peditum
791 1980 832 2049 [in
856 1980 1048 2054 Curculione],
1075 1984 1125 2038 ubi
1147 1983 1240 2052 iuquit
1263 1981 1376 2038 eiicisrn

229 2060 390 2128 Fabricius,
408 2058 500 2128 inquit
518 2057 657 2112 excutiam
677 2057 760 2110 codex
782 2059 923 2114 Bondums'
994 2068 1054 2117 999.
1073 2062 1186 2117 Nonius
1201 2081 1230 2131 p.
1251 2068 1301 2130 96,
1327 2067 1377 2118 15.-

229 2138 377 2195 dututim
404 2138 434 2193 id
457 2140 501 2193 est
522 2137 643 2191 invicem
666 2136 766 2192 dando.
809 2139 925 2193 Plautus
945 2140 1110 2196 Curculione
1130 2142 1217 2197 ‘turn
1237 2142 1300 2196 isti
1319 2140 1376 2211 qui

228 2220 352 2274 ludunt
369 2218 458 2274 servi
478 2233 669 2272 scurrarum
688 2217 834 2273 datatim
852 2219 886 2272 iu
905 2218 975 2274 vie’

228 2389 358 2458 ruopoieo
378 2390 410 2442 Z.
440 2388 469 2442 iu
487 2385 653 2455 hermopolo
670 2384 695 2439 J
781 2385 867 2442 Hunc
884 2405 990 2444 vesum
1007 2390 1122 2445 dunrnot
1145 2390 1292 2461 Useinpe'us

229 2474 290 2525 993.
315 2469 428 2524 Versum
442 2473 538 2537 postea
556 2465 681 2520 additum
700 2479 753 2517 esse
767 2471 837 2532 puto
855 2472 887 2520 ut
904 2485 927 2522 u.
947 2473 1006 2525 289
1087 2470 1260 2540 subrupuere
1279 2469 1379 2526 Fuer-

229 2552 342 2605 es'uenue.
362 2548 523 2618 subripuere
541 2545 607 2599 ΒΖ.
627 2543 789 2612 subripuere
808 2562 841 2600 ex
859 2547 1019 2618 subripuete
1037 2555 1069 2603 et
1087 2550 1141 2605 viri.
1161 2550 1199 2605 Ε.
1219 2551 1381 2621 surripuere

229 2629 285 2684 JF
328 2629 377 2684 ubi
390 2644 475 2697 quom
492 2625 622 2680 sorbuere
637 2623 946 2692 catecumenos
988 2629 1112 2698 capitulo
1126 2647 1160 2683 ex
1174 2629 1344 2700 ruptuloE’

229 2707 362 2764 bibibunt
378 2708 409 2761 Ε
444 2711 504 2762 294.
524 2702 638 2759 ebriorli
656 2702 681 2757 J
717 2703 872 2759 abscedunt
884 2706 1009 2763 Bottius.
1029 2707 1164 2763 incedunt
1178 2710 1252 2763 litei.
1273 2709 1384 2764 cedunt

235 2786 380 2856 Ueeiupius
434 2802 482 2839 eos
500 2801 553 2855 ego
571 2799 645 2837 nunc
664 2782 687 2836 si
703 2783 750 2837 Ge.
780 2800 827 2839 eos
842 2802 894 2856 ego
909 2787 933 2840 si
948 2788 1022 2842 riori.
1049 2805 1097 2843 eos
1111 2805 1164 2858 ego
1180 2788 1204 2843 si
1218 2788 1266 2843 hic
1280 2788 1382 2844 Fleck-

229 2869 341 2922 eiseuue.
380 2882 427 2920 eos
445 2881 498 2934 ego
516 2862 563 2917 hic
582 2862 606 2915 si
626 2863 778 2918 Muellerus
797 2863 875 2918 Proe.
898 2865 1053 2935 P1.p.31.
1092 2884 1159 2938 ergo
1179 2884 1227 2923 eos
1247 2867 1271 2922 si
1290 2869 1382 2923 Luct-

230 2961 349 3001 mannus
367 2946 405 2998 ud
423 2944 506 2998 Luer.
521 2961 551 3012 p.
572 2945 628 2996 214
699 2946 759 2995 295.
779 2960 812 2996 ex
831 2961 886 2999 uno
905 2962 1017 3014 quoque
1035 2946 1104 3000 ΒΕ.
1126 2964 1217 3002 exuuo
1235 2950 1388 3018 quoqueJ

302 3023 441 3078 excutiam
461 3022 649 3078 Cornerurius:
667 3022 728 3075 vide
747 3024 841 3077 tectius.
862 3024 966 3079 ortium
984 3026 1019 3079 B.
1045 3025 1152 3080 exciam
1167 3026 1203 3087 Ε,
1230 3027 1335 3084 eiciam
1350 3029 1383 3087 J.

230 3103 340 3159 eiiciam
360 3101 466 3155 E³FZ
536 3098 672 3169 crepitum
696 3116 749 3169 ego
769 3101 964 3159 Luchmonmes
989 3108 1026 3160 ud
1045 3105 1128 3161 Lucr.
1143 3124 1175 3175 p.
1194 3111 1251 3161 214
1269 3108 1383 3163 exciam

230 3183 374 3249 deserum
432 3179 620 3250 poleutorium
629 3193 701 3247 (sup.
709 3187 779 3247 post.
791 3198 807 3235 ο
817 3184 880 3240 add.
892 3200 951 3238 uere.
963 3189 995 3251 9)
1006 3185 1043 3239 Ε.
1063 3204 1101 3240 on
1109 3186 1156 3254 pol
1167 3186 1384 3256 potentarium?

284 3267 345 3318 296.
363 3260 433 3315 istos
451 3258 569 3314 Boetius
587 3259 787 3328 cecropiam
835 3262 999 3319 inluduutJ
1049 3265 1170 3320 datatim
1188 3283 1223 3320 eo
1243 3266 1385 3322 cludutim

230 3343 277 3397 13².
316 3339 435 3395 datatim
451 3344 514 3408 post
532 3355 690 3392 scurrarum
708 3339 819 3394 Nouius
873 3343 1104 3398 serrnsourrurum
1124 3362 1157 3399 eu
1176 3345 1266 3400 seruis
1287 3364 1384 3403 curra·

229 3443 290 3479 rum
311 3423 359 3477 13¹.
397 3418 484 3473 seruis
507 3434 649 3472 curiarum
672 3435 705 3472 cco
725 3434 820 3474 seruus
839 3439 982 3476 currerum
1001 3441 1055 3477 rus.
1076 3425 1106 3477 Ε
1195 3424 1276 3480 inuio
1294 3426 1388 3481 ΒΕ]

315 3498 709 3557 29¹1.etclutoresLoewiue
780 3501 899 3555 factores
918 3501 1048 3557 BEJF.
1086 3504 1164 3558 Pius.
1207 3505 1328 3562 tortores
1349 3506 1384 3563 Ζ.

230 3584 357 3639 Loewiue
430 3577 501 3634 omis
518 3578 575 3633 Β]
643 3579 777 3634 subdam
795 3580 823 3633 Β
894 3581 944 3635 sub
963 3581 1053 3635 solum
1067 3582 1136 3637 ΒΕ.
1156 3583 1190 3639 G.
1211 3584 1304 3642 Vultu.
1330 3587 1385 3642 sub

231 3682 284 3738 soli
307 3699 355 3735 um
373 3679 400 3745 (i
419 3695 453 3733 ex
471 3694 505 3732 ue
526 3695 561 3731 m.
580 3680 610 3745 3)
629 3677 671 3746 Ε,
693 3677 743 3731 ubi
760 3681 773 3729 i
792 3677 881 3732 solum
900 3679 964 3733 adst.
983 3679 1033 3732 13⁸.
1071 3672 1223 3754 subsoliipm
1244 3681 1281 3738 Ε.
1319 3683 1385 3739 παὶ)

231 3761 333 3816 solium
349 3761 375 3813 Z
445 3762 505 3812 998.
524 3756 604 3826 proin
623 3773 682 3811 sese
701 3758 750 3811 Gz.
769 3774 820 3824 pro
838 3757 898 3810 inse
917 3757 951 3811 Β.
975 3760 1088 3828 proiusc
1109 3762 1169 3816 ΕΙ.
1193 3763 1276 3831 proin
1296 3779 1325 3817 se
1346 3763 1385 3821 Ε.

231 3839 312 3908 proin
332 3839 364 3891 Z.
393 3834 476 3906 proin
495 3852 524 3890 se
543 3835 586 3888 illi
604 3835 805 3890 Fuhrneunnus
814 3837 884 3890 Noc.
896 3840 990 3893 annul.
1001 3842 1054 3895 ool.
1065 3846 1102 3896 97
1116 3856 1154 3907 (u.
1170 3848 1260 3910 1868)
1272 3859 1301 3911 p.
1315 3848 1386 3899 854.

231 3917 346 3986 proinde
366 3932 396 3970 se
416 3915 592 3970 Camerarius
650 3913 802 3970 infortunio
821 3916 963 3971 Ausonius
982 3919 1095 3988 Popmo.
1120 3922 1252 3991 Scutiper.
1277 3923 1386 3978 Acidu-

232 4000 293 4051 liue.
313 3995 467 4050 infortunia
480 4010 513 4049 ex
526 3992 668 4048 infortuna
681 3993 777 4047 B¹E³.
801 3993 954 4051 infortunia
967 3998 991 4052 J
992 3998 1054 4052 ΕΖ
1119 4006 1181 4055 299.
1200 4001 1226 4054 si
1240 4001 1386 4071 imperare

232 4075 322 4145 possit
340 4075 374 4128 Β.
418 4074 579 4144 siimperure
602 4072 691 4141 possit
709 4073 745 4127 E.
796 4073 819 4126 si
844 4072 981 4141 imperare
1005 4093 1038 4130 ex
1056 4094 1085 4132 se
1104 4077 1258 4148 impetrare
1277 4079 1305 4134 J.
1355 4097 1387 4135 se

232 4157 372 4224 imperare
391 4171 472 4225 posse
490 4153 596 4210 Deera.
634 4169 664 4207 se
682 4153 819 4221 imperato
838 4153 930 4221 poscit
948 4154 1148 4212 Fleckeisenus.
1185 4158 1387 4229 siimpetrure

232 4235 321 4303 possit-
348 4235 492 4289 Pomanus
529 4234 576 4285 An
598 4233 678 4300 qutsi
700 4232 811 4301 iopen?
902 4240 961 4288 300.
991 4236 1140 4291 seruicium
1168 4241 1196 4293 st
1222 4239 1258 4292 Β.
1297 4241 1387 4296 serui-

234 4312 305 4365 tium
324 4315 368 4366 cst
386 4311 409 4366 J
474 4311 572 4365 modus
591 4311 687 4366 haberi
706 4329 760 4367 uon
779 4313 874 4380 potest
891 4314 923 4366 iu
941 4331 995 4369 ras.
1016 4316 1046 4368 E
1116 4324 1178 4372 301.
1199 4318 1312 4373 Persou.
1333 4337 1387 4376 om.

232 4387 256 4442 J
311 4406 342 4442 cc
361 4390 423 4458 quis
441 4390 499 4444 ΒΕ
556 4390 604 4459 qui
623 4390 672 4443 15⁸.
728 4391 766 4459 qd
786 4391 815 4444 Ε
867 4391 954 4446 michi
972 4393 1002 4446 E
1064 4400 1270 4452 commonstret
1287 4398 1387 4455 BEJ.
