2956 5678
126 767 271 817 fill—643
610 759 795 814 APPENDIX
1210 759 1275 824 123

129 923 186 978 ‘Pa
202 923 295 979 Proa’
312 941 341 993 p.
361 927 416 980 621
434 922 573 993 (experior
592 921 668 977 domi
686 928 711 978 et
729 922 820 978 multa
838 922 905 992 quoi
923 940 1011 977 unum
1028 922 1058 975 in
1077 921 1188 991 locum).
1222 921 1278 977 Res

219 1088 279 1139 529.
294 1084 407 1140 Versum
415 1085 530 1139 dubium
538 1084 712 1153 eieiruellcpo
721 1101 782 1139 cum
789 1083 934 1155 Seyfferto:
943 1129 959 1136 -
968 1109 987 1137 o
997 1129 1012 1136 -
1023 1129 1039 1136 -
1052 1083 1056 1154 l
1068 1128 1084 1136 -
1093 1107 1112 1136 υ
1121 1129 1137 1136 -
1149 1081 1153 1154 l
1165 1129 1181 1136 -
1190 1107 1236 1136 oo
1245 1125 1276 1137 -.

127 1182 264 1222 aerumna
282 1165 434 1222 exercitam
452 1164 517 1220 med
537 1165 564 1218 h.
583 1164 648 1218 olim
665 1180 727 1220 uam
748 1163 882 1233 Gepperto
901 1165 983 1219 edidi.
1020 1180 1155 1218 aerumna
1168 1164 1278 1233 panae

127 1247 209 1315 Piae,
223 1260 358 1302 aerumna
372 1263 417 1300 me
427 1245 601 1312 Gulielmius,
615 1260 750 1299 aerumna
763 1244 828 1299 med
843 1245 939 1312 Botke,
957 1244 1004 1300 aed
1016 1245 1104 1300 aubia
1116 1245 1156 1300 aie
1167 1245 1278 1314 pontia:

128 1327 209 1383 mult.
224 1328 290 1382 med
308 1327 336 1381 h.
351 1342 393 1381 ae.
408 1342 449 1381 ex.
478 1324 627 1396 Multiplex
646 1341 702 1379 aer.
717 1341 758 1378 ex.
773 1341 818 1379 me
837 1325 925 1379 habet
938 1325 1059 1381 Skatsek.
1089 1325 1278 1380 Micerrimum

127 1409 301 1465 camanum
314 1408 397 1475 flacit
407 1407 494 1462 Graiu
503 1408 520 1462 l.
531 1423 552 1462 s.
562 1423 583 1461 a.
594 1407 698 1461 adsuta
707 1407 859 1475 paupertas
869 1421 958 1475 pauor
967 1412 992 1461 et
1001 1407 1127 1461 clausula
1135 1406 1276 1461 mulcta.

220 1493 280 1543 690.
299 1487 356 1543 mei
374 1487 462 1542 animi
476 1488 603 1558 aeppet,
620 1503 678 1542 nan
690 1492 775 1552 recte;
793 1486 827 1552 cs.
845 1487 909 1542 (kat
924 1503 947 1540 c.
962 1490 1025 1540 210.
1054 1484 1141 1540 animi
1155 1487 1278 1540 mentem

127 1569 247 1641 Spengel
264 1568 514 1636 ‘Befmutvortckk’
530 1585 560 1637 1).
580 1571 643 1635 194,
659 1571 723 1622 253.
756 1567 796 1620 mi
814 1570 937 1622 mentem
956 1567 1043 1621 animi
1062 1568 1126 1622 Leo.
1156 1568 1197 1634 Of.
1213 1567 1280 1622 Birt

131 1649 192 1706 ‘der
207 1648 293 1704 Hiat’
308 1666 339 1718 p.
359 1652 423 1703 368.
459 1650 571 1704 Versum
588 1648 629 1703 ita
647 1650 757 1703 ntetitur
769 1648 898 1718 Seyffert:
917 1694 932 1701 -
944 1693 959 1701 -
971 1694 986 1701 -
996 1673 1042 1701 oo
1053 1647 1057 1720 l
1069 1674 1113 1701 ,υ
1123 1694 1137 1701 -
1151 1647 1154 1719 l
1167 1693 1182 1700 -
1192 1673 1276 1701 oo-.

219 1743 280 1794 ttl.
300 1743 360 1793 699.
391 1753 469 1792 meas
490 1752 554 1806 spes
573 1735 708 1791 collocem
724 1732 1021 1805 Weiee,1aeob,Ge¹.
1059 1753 1122 1806 spes
1144 1736 1278 1791 collocem

128 1834 208 1874 meas
225 1819 321 1875 Botke.
353 1816 424 1872 mihi
442 1818 524 1873 aiam
543 1818 599 1872 Leo
617 1817 714 1872 omisit.
731 1816 932 1886 -Postquam
947 1832 1000 1887 pro
1018 1817 1062 1871 Ita
1077 1817 1182 1888 Voeinp.
1215 1832 1278 1871 mea

51 1948 68 1968 ,
129 1900 218 1970 gnata
236 1898 357 1954 Mueller
375 1898 431 1953 ‘Pl
451 1896 541 1954 Proa’
560 1913 588 1965 p.
608 1900 664 1951 327
682 1914 743 1952 cum
764 1898 904 1967 Gepperto.
930 1928 963 1938 -
988 1897 1029 1964 Ot'.
1050 1897 1156 1953 Ritackl
1177 1897 1225 1967 Op.
1244 1896 1282 1950 II

126 1997 156 2050 p.
176 1982 232 2035 335
250 1980 352 2049 (neque
370 1994 445 2032 nunc
463 2009 497 2018 -
516 1976 610 2032 nescio
629 1994 691 2033 arm
709 1977 823 2032 Botkio:
841 1979 904 2032 item
925 1977 997 2046 (3³¹).

220 2063 281 2114 ott.
309 2058 351 2125 Ot'.
370 2059 453 2114 aaut
466 2059 524 2114 Iao
542 2059 575 2112 de
592 2063 664 2113 cant.
679 2074 710 2126 p.
726 2062 768 2112 51.
803 2056 871 2122 Quis
890 2057 975 2121 illaec
993 2060 1036 2112 est
1049 2057 1150 2112 timido
1164 2059 1279 2127 pectore

130 2155 203 2210 quae
216 2155 334 2210 peregre
348 2136 501 2192 mueniem
519 2137 583 2207 ipsa
597 2153 626 2191 se
643 2137 704 2192 62¹.
734 2136 802 2202 Quis
816 2136 900 2191 illato
914 2140 957 2191 est
971 2136 1071 2191 mulier
1085 2153 1158 2206 quae
1172 2137 1235 2206 ipsa
1249 2153 1279 2190 se

130 2222 281 2276 miseratur
302 2218 404 2273 timido
427 2221 541 2288 pectore
559 2218 675 2289 Sperrpel
693 2217 943 2283 ‘Reformooraekl'
959 2235 988 2287 p.
1009 2221 1071 2272 372.
1109 2216 1177 2283 Quis
1195 2217 1280 2271 illaec

130 2305 174 2357 est
191 2299 294 2355 mulier
311 2315 429 2369 peregre
448 2298 601 2354 adueniens
619 2300 640 2352 t.
659 2315 695 2366 p,
715 2313 787 2366 quae
806 2297 869 2367 ipsa
887 2315 916 2352 se
931 2299 1006 2352 Bria
1021 2298 1098 2353 Oura.
1117 2315 1143 2366 p.
1160 2299 1278 2352 XVIII.

220 2386 281 2435 664.
310 2379 479 2435 Miserktur?
494 2383 526 2447 iss
544 2378 575 2432 In
594 2378 638 2433 his
658 2377 765 2432 dictust
783 2377 854 2432 mihi
872 2377 941 2432 locis
960 2377 1089 2433 habitare
1108 2377 1279 2447 Periphanes

130 2463 195 2517 olim
216 2461 294 2517 edidi
316 2477 350 2516 aa
369 2465 451 2530 paru
473 2459 540 2516 aaa
563 2459 672 2514 Bctkic.
709 2458 740 2512 ln
764 2459 808 2513 his
832 2458 902 2513 mihi
926 2459 1032 2513 dictust
1058 2457 1127 2513 locis
1150 2458 1279 2512 habitare

130 2542 304 2612 Periphanes
321 2557 406 2596 senex
423 2524 540 2611 &maaet
557 2540 575 2594 l.
593 2556 614 2594 a.
634 2556 654 2594 s.

219 2627 280 2678 tao.
309 2620 355 2677 Me
377 2620 506 2676 adminat
527 2620 611 2674 haec:
636 2619 718 2674 credo
742 2636 794 2690 ego
813 2619 872 2674 illic
891 2619 1013 2690 hospitio
1032 2638 1100 2673 usus
1119 2636 1180 2674 meo
1199 2618 1279 2673 uenit

130 2703 195 2757 olim
212 2703 298 2770 edidi,
316 2701 377 2756 illic
394 2718 456 2757 cum
475 2701 610 2755 Muellero
630 2700 685 2753 ‘Pl
702 2699 792 2754 Proa'
809 2717 837 2769 p.
858 2704 904 2768 58,
923 2716 985 2754 meo
1003 2699 1083 2754 uenit
1100 2717 1161 2756 cum
1175 2700 1279 2753 Linde·

131 2800 233 2838 marato
251 2785 268 2837 l.
288 2799 309 2837 a.
328 2800 348 2836 s.
369 2781 476 2851 (euenit
494 2781 666 2849 Lambinus).
705 2780 783 2849 hosp.
803 2782 887 2849 opust
905 2781 937 2834 ut
955 2780 1072 2834 innonat
1089 2780 1203 2836 Schenkl
1222 2780 1277 2834 ‘Pl

132 2863 182 2918 St’
199 2880 228 2932 p.
250 2867 313 2918 616.
350 2880 417 2916 usus
441 2860 564 2931 hospitio
587 2861 667 2915 uenit
685 2861 800 2930 Spenpel
818 2862 834 2914 l.
854 2878 874 2914 s.
894 2878 914 2914 s.
953 2861 1012 2914 illic
1035 2860 1158 2929 hospitio
1182 2859 1278 2913 inuen-

131 2945 189 2997 tost
207 2960 278 3012 opus
299 2944 397 3014 Vseinp
414 2959 476 2998 cum
495 2942 628 3013 Lanpeno
648 2941 759 2996 ‘Bella'
776 2958 805 3009 p.
826 2945 887 2994 162.

220 3037 281 3086 636.
317 3033 365 3087 Ita
390 3032 447 3087 Leo
472 3032 505 3086 de
529 3038 601 3087 eant.
624 3048 653 3100 p.
678 3034 721 3084 51.
763 3029 903 3084 Peruelim
928 3029 1085 3083 mercedem
1111 3029 1178 3083 dare
1203 3029 1252 3099 qui
1270 3029 1280 3099 Η

132 3111 270 3167 Monstrat
294 3129 359 3166 eum
384 3111 423 3166 mi
448 3111 590 3166 hominem
615 3111 665 3164 aut
689 3110 739 3164 ubi
764 3110 851 3164 habet
875 3111 946 3165 idem
971 3112 1002 3163 in
1026 3111 1091 3164 adu.
1133 3110 1280 3164 lkoekaeos

131 3192 196 3258 fecit
210 3192 273 3247 aa.
313 3193 354 3260 01¹.
371 3194 473 3249 Becker
491 3193 523 3246 in
540 3192 723 3247 Studennuuli
736 3191 813 3246 Stad.
829 3197 846 3244 t.
863 3192 883 3243 I
889 3208 918 3259 p.
935 3193 987 3244 191
995 3206 1060 3259 sqq„
1078 3190 1126 3258 qui
1144 3192 1194 3243 aut
1212 3189 1281 3244 delet

132 3274 172 3327 ael
190 3273 221 3326 iu
240 3273 288 3327 hic
306 3279 400 3328 mutat.
440 3273 481 3339 Cf.
502 3272 663 3327 Kohlmann
680 3272 713 3326 de
732 3272 813 3325 VEL
826 3288 855 3340 p.
876 3275 918 3324 44.

221 3358 282 3408 697.
312 3353 458 3409 Oleecutua
475 3369 536 3407 sum
550 3353 640 3407 Leoni
657 3353 689 3407 de
707 3357 778 3408 cant.
794 3370 824 3421 p.
840 3357 882 3405 51.
920 3350 1035 3405 Noscito
1055 3368 1107 3420 ego
1126 3352 1199 3405 hano
1213 3366 1279 3404 nam

132 3433 171 3488 mi
190 3433 290 3488 uideor
307 3434 401 3488 nescio
419 3433 469 3486 ubi
487 3432 593 3487 uidisse
611 3433 688 3501 prius
709 3434 777 3486 idem
796 3433 827 3485 in
846 3432 963 3486 editione
981 3433 1130 3486 adnotavit.
1163 3430 1279 3485 Noscito

132 3531 185 3584 ego
204 3515 290 3568 hanc:
310 3530 376 3567 nam
394 3513 493 3568 uideor
511 3513 605 3568 nescio
624 3513 672 3566 ribi
690 3512 796 3566 uidisse
814 3512 884 3565 mihi
903 3512 980 3581 lorias
999 3513 1063 3567 olim
1081 3513 1157 3567 edidi
1175 3511 1279 3566 uidisse

132 3594 203 3648 mihi
221 3611 284 3650 curn
298 3593 500 3659 Lindemauuo,
518 3595 567 3648 ubi
584 3593 690 3648 uidisse
709 3610 753 3647 me
768 3593 861 3647 Botke.
890 3593 990 3648 uideor
1003 3593 1097 3647 nescio
1111 3594 1160 3647 ubi
1174 3593 1280 3647 uidisse

132 3674 212 3744 prius
230 3690 293 3728 eam
313 3675 418 3745 Vaslnp.
457 3674 599 3729 lucentius
617 3691 722 3728 versum
741 3679 840 3729 tractat
857 3673 972 3744 Spengel
991 3675 1007 3728 l.
1027 3691 1047 3728 a
1067 3690 1087 3728 s.

224 3768 283 3818 699.
313 3763 387 3816 hunc
406 3779 458 3833 ego
477 3778 612 3831 umquam
631 3762 730 3816 addidi
744 3764 814 3816 alirn.
843 3762 995 3816 uisitauine
1010 3779 1062 3832 ego
1078 3762 1151 3815 hunc
1165 3762 1281 3833 Spenpel

132 3845 151 3898 l.
169 3861 191 3903 a
209 3861 231 3898 a
269 3843 344 3897 hunc
369 3859 403 3897 an
428 3860 484 3897 uon
510 3844 635 3912 Geppert.
672 3843 747 3895 hunc
769 3842 911 3897 hominem
934 3844 1046 3912 Harper
1067 3844 1084 3896 l.
1104 3860 1124 3896 a.
1144 3859 1164 3897 a.
1186 3858 1214 3909 p.
1234 3846 1277 3896 24.

134 3925 176 3991 Cf.
197 3925 313 3996 Lenaea
331 3924 415 3979 Anat.
431 3926 475 3979 Pl.
495 3924 550 3977 III
562 3941 591 3992 p.
612 3926 655 3978 12.
685 3923 715 3976 V.
730 3923 834 3978 Sekoell
849 3924 898 3977 Ἥ.
914 3924 1038 3978 Heidelb.
1054 3922 1161 3978 Jahrb!
1181 3922 1219 3975 11
1234 3926 1278 3975 48.

223 4018 283 4067 540.
312 4012 393 4067 (terto
412 4015 474 4067 east
492 4028 577 4082 quam
596 4011 625 4065 in
640 4010 782 4081 Epidauro
802 4012 917 4065 memini
935 4029 980 4066 me
998 4010 1200 4080 pauperculam
1214 4027 1278 4063 eon-

132 4093 255 4163 primere
275 4092 336 4148 aa.
375 4093 417 4160 Cf.
433 4093 580 4149 Francken
594 4093 726 4147 Mnernos.
745 4093 805 4146 VII
820 4096 857 4158 (a.
872 4095 958 4159 1879)
975 4109 1002 4159 p.
1015 4097 1069 4145 199
1088 4091 1133 4156 (de
1151 4091 1278 4156 lacunis).

223 4180 283 4228 641.
316 4174 459 4229 Troekaeis
476 4174 540 4228 olim
558 4173 688 4241 discripsi
706 4172 837 4242 (hicinest
855 4173 879 4224 is
898 4171 947 4239 qui
970 4171 998 4224 in
1017 4172 1067 4240 Ep.
1088 4170 1193 4240 primus
1211 4169 1278 4238 pud.

133 4254 204 4308 mihi
223 4254 342 4325 pepulit,
361 4271 395 4309 ea
408 4260 490 4323 parte
507 4270 568 4308 utin
588 4254 707 4321 Bctkio).
742 4255 830 4307 Aliter
848 4252 963 4322 Spenpet
981 4254 997 4306 l.
1013 4269 1032 4306 s.
1048 4269 1068 4305 s.
1104 4250 1144 4316 Os.
1162 4250 1280 4304 Mueller

135 4335 193 4390 ‘Pa
208 4335 298 4390 Proa’
315 4352 344 4404 12-
358 4337 423 4389 276.
461 4333 508 4387 hic
526 4333 603 4387 illest
618 4334 716 4403 Vesinp
734 4351 794 4388 curra
810 4333 973 4411 Carnerario.
1012 4332 1098 4385 Plane
1116 4331 1140 4383 is
1159 4329 1284 4399 iricinest¹

133 4416 247 4486 Haaper
264 4416 281 4469 l.
296 4431 317 4469 e.
332 4431 352 4468 e.
368 4432 396 4483 p.
411 4417 455 4468 24.
489 4413 575 4467 Plane
594 4413 715 4467 hicinest
734 4414 783 4481 qui
801 4411 870 4465 mihi
889 4414 919 4465 ln
938 4411 988 4482 Ep.
1009 4410 1112 4480 uirgini
1135 4414 1144 4479 ΙΙ
1172 4411 1279 4465 Primus

132 4496 199 4566 pud.
219 4513 246 4565 p.
267 4494 382 4565 Seyffert
401 4494 614 4550 ‘Wackenackn’
636 4498 710 4547 1896
729 4511 758 4562 p.
778 4497 842 4548 266.
883 4492 923 4559 Cf.
944 4494 1022 4547 Back
1043 4493 1060 4545 l.
1082 4509 1102 4547 a.
1124 4510 1144 4546 s.
1163 4510 1192 4561 p.
1214 4496 1277 4546 295.

131 4576 212 4646 prius
225 4592 281 4645 pro
299 4574 405 4644 primus
419 4575 565 4630 Francken
586 4575 717 4629 Mnemos.
734 4575 794 4628 VII
810 4576 847 4640 (a.
864 4577 948 4639 1879)
968 4591 993 4641 p.
1015 4576 1076 4625 199.
1114 4572 1194 4625 Adde
1212 4572 1278 4625 Akl-

132 4657 256 4728 terpiunt
274 4656 307 4711 de
324 4656 423 4725 procel.
439 4672 468 4725 p.
489 4660 531 4709 30.

223 4736 251 4790 V
266 4740 408 4790 tat-548
425 4751 547 4804 percerte
565 4741 664 4790 tractat
682 4737 716 4788 A.
738 4735 856 4789 Mueller
876 4734 930 4787 ‘Zu-
950 4734 1005 4786 Pl'
1023 4749 1050 4801 p.
1071 4737 1151 4800 kapp.

224 4821 284 4870 543.
317 4816 428 4870 Versum
442 4817 483 4870 ita
497 4815 677 4881 conformavit
688 4815 828 4885 Kiesslinp
839 4816 913 4868 llus.
925 4815 976 4866 Ilk.
992 4821 1008 4867 t.
1021 4813 1132 4867 XXIV
1144 4815 1181 4877 (a.
1193 4814 1278 4877 1869)

132 4915 159 4968 p.
179 4902 250 4954 120.-
268 4895 362 4951 PHIL.
382 4895 456 4961 Quid
475 4896 499 4950 si
518 4896 627 4963 adeam,
647 4896 670 4949 si
688 4895 713 4949 ia
732 4898 775 4949 est
793 4896 893 4950 homo?
921 4893 974 4947 PE.
989 4893 1072 4947 Haud
1088 4891 1145 4946 scio
1160 4907 1196 4944 an
1215 4908 1279 4945 con·
