2956 5678
163 307 227 370 164
640 301 825 358 APPENDIX
1168 311 1312 360 sss-sss

161 483 223 520 eum
241 469 412 522 scunarium
431 483 492 520 eum
513 468 687 536 paroemiam
705 465 886 519 Hemuannus
903 465 1047 520 mastitmt
1064 468 1170 520 meret:
1196 466 1308 535 potissi·

161 547 237 599 must
255 547 368 600 nostras
392 546 468 599 domi
491 562 575 612 corn,
597 546 647 600 ubi
669 546 759 599 meret
780 544 944 614 potissimus
966 547 1082 599 nostrae
1105 545 1150 599 uti
1176 545 1254 600 domi
1274 546 1311 599 sit

162 626 297 693 Botbins,
323 630 414 680 meret
439 628 611 696 potissumus
637 627 750 681 nostrae
772 628 805 678 ut
827 627 866 679 sit
888 624 964 679 domi
988 624 1020 678 sl
1037 625 1158 681 aelam:
1182 625 1262 680 ‘huie
1280 627 1310 680 iit

161 705 236 759 ultro
255 706 298 759 uti
316 707 405 760 neseio
430 723 468 760 an
487 711 616 776 praestet.
652 705 720 760 Nisi
738 707 833 776 potius
855 723 871 760 e
890 706 1022 775 proeium
1043 723 1069 761 o.
1096 707 1173 761 ultro
1191 707 1310 777 irrepsit,

162 785 261 839 Plauti
279 791 370 840 autem
387 786 444 851 suit
461 786 544 840 huice
563 786 596 840 fit
613 789 654 841 ut.
690 788 759 841 Alia
776 787 874 841 bomem
891 787 1039 856 descriptio
1054 785 1234 842 Fleekcmeno
1249 788 1308 857 pla·

161 867 232 922 cuit:
255 851 357 918 itidem
379 864 446 919 huic
463 864 537 920 ultro
560 864 596 919 iit
617 870 650 920 ut
667 869 768 933 meret,
792 869 825 921 ut
841 871 955 921 nostrae
974 866 1052 920 domi
1070 869 1245 935 potissumus
1263 865 1307 921 sit.

161 947 243 999 Nunc
262 960 326 999 eum
344 944 429 1000 adibo
447 944 576 1018 (atque)
595 946 733 1015 adloquar
754 946 841 1001 ultro’
867 948 965 1014 (atque
986 946 1126 1015 adloquar
1143 949 1203 1001 ium
1223 947 1303 1018 Pyla·

160 1027 225 1094 ries).
263 1027 434 1093 potissumus
457 1031 570 1080 noemae
590 1026 713 1080 domuist
737 1026 896 1081 dubitanter
919 1025 1086 1082 Ribbeekius
1109 1027 1217 1081 Annei.
1238 1027 1303 1096 plui.

162 1105 354 1160 LXXXVII
365 1123 396 1175 p.
417 1109 479 1161 337.
517 1106 560 1160 De
579 1104 750 1175 potissumus
773 1108 885 1159 nostrae
909 1105 1015 1159 domist
1031 1106 1165 1176 copitauit
1182 1105 1304 1172 Bn'aius,

161 1187 212 1240 etsi
230 1181 391 1255 potisumus
416 1190 481 1255 (pro
500 1186 668 1255 pbtisumus)
691 1185 820 1251 defendit.
858 1185 935 1240 domi
957 1187 991 1239 ut
1013 1185 1053 1240 sit
1069 1189 1184 1241 nostrae
1201 1185 1300 1254 poticu-

162 1283 224 1321 mus
243 1265 395 1335 Lanpenus
415 1264 518 1320 Pbilat.
540 1265 694 1319 XXXIII
710 1283 741 1334 p.
762 1269 825 1319 709.
863 1264 957 1319 Item.
973 1308 979 1319 .
996 1307 1024 1320 ..
1040 1265 1212 1335 potissumus
1228 1282 1298 1320 sena·

162 1348 237 1399 rium
254 1361 309 1400 esse
326 1345 414 1399 uoluit
432 1345 571 1414 Berpkius
590 1344 688 1413 Opuse.
708 1344 729 1397 Ι
741 1362 770 1414 p.
790 1349 844 1400 161
868 1345 985 1399 alterum
1003 1346 1174 1415 subinnuens
1191 1343 1294 1400 Nostrae

166 1429 198 1480 ut
215 1425 293 1480 domi
311 1425 360 1479 sit:
379 1440 454 1478 nuuc
474 1441 536 1478 eum
556 1423 640 1479 adibo
659 1426 734 1479 ultro
753 1423 898 1492 adloquar,
918 1425 967 1480 ubi
986 1425 1069 1480 Nunc
1082 1424 1161 1497 (iud)
1178 1442 1237 1480 eum
1252 1423 1291 1477 ut·

164 1505 212 1560 ibo
238 1505 313 1559 ultro
340 1504 475 1573 adloquar
503 1504 654 1574 Lanpenus
680 1505 792 1561 ‘Beitr'
816 1522 844 1574 p.
864 1509 920 1561 102
929 1522 983 1575 su:
1010 1506 1046 1572 cf.
1065 1505 1187 1560 Brisius
1203 1503 1288 1558 insul.

160 1587 229 1655 plut.
250 1584 394 1641 ΟΧΧΙΙΙ
411 1601 442 1652 p.
462 1588 545 1652 53sq.
577 1584 606 1638 V.
626 1589 678 1639 859
701 1590 764 1640 teste
786 1586 819 1640 1..
846 1586 982 1640 Muellero
1005 1590 1031 1640 ct
1049 1586 1185 1654 probante
1206 1582 1286 1637 Oeam

165 1667 209 1721 ‘de
227 1667 273 1721 Pl.
291 1682 366 1720 num.
391 1665 467 1733 apud
489 1663 563 1719 Non.
587 1665 666 1719 sera’
689 1682 719 1734 p.
738 1669 782 1719 18.
808 1672 842 1721 13
852 1683 889 1735 sq.
910 1664 953 1732 (t)
978 1665 1049 1720 dicit
1070 1665 1137 1719 olim
1158 1665 1281 1735 pravium

163 1746 347 1815 corruptelam
369 1744 493 1798 traxisse.
531 1743 571 1797 At
593 1745 695 1799 nodum
718 1746 749 1798 in
771 1747 863 1814 scirpo
888 1747 1083 1814 quaesiverunt
1099 1744 1213 1799 homines
1226 1743 1281 1797 teeti

165 1827 302 1881 tractares
316 1825 431 1894 optimos
444 1825 476 1877 in
489 1824 589 1892 quibus
603 1824 669 1878 libri
683 1840 744 1879 eum
758 1825 784 1878 A
799 1832 825 1880 et
842 1825 937 1880 Nonio
956 1826 1131 1880 consentiunt
1146 1827 1275 1894 murata

130 1912 135 1929 '
162 1923 224 1960 eum
242 1906 342 1974 optime
359 1905 507 1958 conanant
526 1920 587 1958 cum
605 1905 711 1958 creticus
728 1921 753 1958 o.
772 1910 840 1970 353,
870 1906 908 1960 ael
925 1921 993 1974 quos
1011 1905 1070 1959 iam
1084 1904 1273 1974 praealtas

163 2004 186 2041 v.
213 1986 383 2056 deperditum
408 2000 581 2052 revocamus,
608 2001 685 2053 quem
709 1989 766 2039 tam
789 1985 817 2038 A
838 1985 935 2054 prodit
959 2001 1043 2054 quam
1064 1983 1134 2038 Item
1159 1981 1271 2039 untmtr‘at

160 2083 186 2120 o.
205 2069 262 2119 358
282 2066 375 2118 minus
396 2069 467 2119 recte
488 2064 673 2133 adplicatum,
696 2070 721 2118 et
743 2082 767 2118 u.
788 2070 840 2118 330
862 2063 913 2118 ubi
936 2065 1058 2119 trimeter
1085 2064 1270 2119 eatam&

161 2163 211 2215 per
228 2162 255 2201 se
268 2146 360 2200 ruinas
374 2146 531 2215 probabilis
544 2151 569 2199 et
583 2150 697 2213 propter
711 2159 774 2197 eum
790 2144 971 2213 prandeum
991 2146 1134 2199 traditum.
1169 2140 1267 2210 Citrio

164 2231 234 2294 714,
253 2227 288 2281 al.

255 2311 307 2359 364
314 2321 369 2374 sqq.
389 2305 478 2360 Omne
492 2307 650 2376 paratumst
663 2303 810 2373 prandium
822 2304 947 2373 ‘quietam
960 2304 1038 2358 tibri’
1051 2303 1183 2359 Immbini.
1204 2299 1265 2354 Omne

163 2387 323 2456 paratumst
339 2391 532 2441 monmretrm
554 2387 628 2454 (eum
645 2385 808 2440 Hermanno
826 2389 851 2438 ct
869 2382 910 2453 a)
928 2384 981 2451 olef.
1004 2385 1070 2440 clim
1094 2374 1263 2452 sparsisti·

164 2467 205 2521 M.
228 2465 262 2519 Ρ.
283 2470 337 2520 136
355 2467 469 2535 itemque
496 2483 557 2522 eum
576 2465 695 2520 Obrs'stio
715 2462 840 2519 ‘Metr.’¹
863 2480 893 2533 p.
913 2468 1021 2534 tium.
1046 2463 1104 2519 Iao
1122 2463 1187 2517 Mur.
1202 2458 1262 2512 aas.

164 2547 220 2601 XL
234 2564 264 2616 p.
284 2550 352 2602 168.-
374 2548 431 2600 iam
453 2551 524 2601 reete
545 2547 683 2615 improbat
701 2544 861 2613 Speupelius
887 2542 974 2609 ‘Rufi’
991 2561 1021 2613 p.
1041 2546 1112 2608 333,
1128 2542 1206 2596 misus
1218 2539 1263 2591 rue

165 2627 197 2680 de
215 2626 337 2680 &kades
355 2625 444 2679 verbis
462 2627 495 2677 ut
512 2624 617 2679 iussisti
632 2626 717 2692 atque
731 2625 845 2694 capitul:
862 2640 946 2692 neque
959 2625 1057 2678 nulius
1074 2629 1124 2678 aut
1141 2619 1262 2676 Sisimit-

165 2708 218 2760 elus
238 2723 267 2775 p.
287 2709 326 2761 22
345 2704 434 2759 Omne
453 2707 610 2774 paratumst
627 2705 660 2757 ut
676 2700 782 2757 iissisti
799 2708 803 2768 t
820 2704 912 2770 Atque
925 2702 959 2754 m
976 2702 1093 2757 uoluisti
1115 2692 1263 2781 usquelibet

162 2786 267 2855 (iarnb.)
286 2784 352 2838 Vlla
374 2801 454 2839 mora
476 2786 552 2839 intus
575 2784 741 2854 dispescebat
764 2787 814 2835 aut
837 2781 991 2836 Muellerum
1019 2783 1097 2836 Pras.
1113 2799 1141 2850 p.
1159 2782 1189 2835 63
1202 2775 1263 2830 omne

164 2869 335 2935 paratumst,
360 2868 391 2919 ut
414 2863 522 2919 iussisti
546 2867 631 2932 atque
650 2859 828 2927 obmutuisti,
850 2876 941 2928 neque
960 2860 1013 2914 uui
1032 2878 1111 2916 mora
1128 2861 1203 2915 iutust
1215 2869 1261 2908 ros·
1308 2882 1311 2889 ·

161 2946 350 3015 prelunelebat.
392 2944 423 2998 V.
444 2950 495 2998 366
519 2943 572 2999 tibi
596 2946 638 2998 est
660 2942 720 2996 ulla
742 2956 820 2996 mora
845 2940 1031 2996 Camerarius.
1068 2941 1120 2995 tibi
1143 2938 1213 2994 iamet
1224 2931 1264 2986 utta

164 3041 243 3079 mora
256 3024 286 3076 se
305 3041 366 3079 eum
380 3025 551 3092 Hermanno,
569 3024 650 3079 tibist
668 3021 779 3077 usculis
797 3037 875 3075 mora
892 3021 1039 3092 Berytius,
1056 3021 1138 3075 tibist
1153 3016 1213 3073 haud
1225 3010 1265 3066 ulte

165 3121 244 3158 mora
268 3105 415 3171 Vablenus,
433 3105 485 3159 tibi
503 3105 582 3159 uuila
599 3106 706 3159 morast
718 3103 880 3172 Spenpetius
900 3101 986 3170 ‘Ilei’
1003 3119 1035 3172 p.
1045 3106 1109 3169 339,
1127 3098 1174 3156 tibi
1188 3097 1215 3150 u
1226 3091 1266 3146 ulla

163 3200 243 3239 mora
261 3184 331 3239 Leo:
348 3185 398 3238 ubi
416 3201 465 3239 cur
479 3186 604 3255 plerique
621 3186 653 3238 in
671 3185 729 3240 loco
746 3188 838 3252 aperte
856 3183 987 3238 lacunosa
1000 3185 1195 3252 paroemiamu
1207 3188 1266 3260 Ψ

162 3266 251 3320 verint
275 3266 348 3320 inter
374 3266 518 3332 dinutros,
545 3282 601 3320 nou
628 3265 760 3335 intellepo.
804 3262 955 3318 Tractaaeos
981 3263 1119 3332 Berytius
1142 3277 1189 3318 esse
1207 3256 1268 3312 aaut

164 3344 264 3415 Opusc.
283 3345 305 3398 I
317 3361 348 3414 p.
367 3349 432 3400 678.

252 3430 351 3494 36784.
371 3426 585 3496 Dittaprapbiae
607 3427 789 3494 susspicionrm
811 3424 898 3478 obiter
921 3424 988 3479 olim
1006 3425 1041 3478 ab
1064 3423 1185 3493 Vssinpib
1199 3423 1271 3473 mus

161 3509 267 3574 refutat
289 3522 351 3560 cnm
368 3506 472 3560 Brtaic
495 3505 646 3575 Lanpenus
669 3504 748 3559 sesa
772 3520 799 3570 p.
818 3505 861 3556 43.
900 3501 975 3555 Mire
997 3501 1148 3557 Prandium
1169 3502 1198 3555 u
1212 3498 1272 3568 spu·

161 3589 257 3656 petius,
275 3587 342 3652 alii,
361 3591 442 3656 atque
460 3588 527 3641 adeo
546 3585 697 3639 Priudium
716 3587 748 3638 uit
766 3584 918 3638 Muellerus
936 3583 1016 3639 Pras.
1030 3601 1060 3652 p.
1080 3587 1134 3638 418
1150 3580 1274 3636 manenti

161 3684 245 3735 quam
260 3665 412 3735 Prandjum
431 3668 470 3720 ut.
508 3667 564 3720 Pro
583 3664 689 3719 iussisti
709 3665 827 3719 Botbius
846 3662 913 3717 iusti
935 3665 1046 3732 scripsit
1064 3666 1225 3719 odorariam
1238 3665 1276 3714 tm

163 3749 288 3803 ebaicum
308 3763 370 3801 cum
385 3747 624 3815 proceleusmatico
641 3745 690 3798 ubi
710 3744 790 3798 lubet
808 3743 983 3808 constituens,
1002 3744 1075 3813 quod
1093 3748 1192 3801 recoait
1206 3740 1279 3797 Vale·

163 3844 217 3880 nus
244 3829 358 3895 itemque
386 3826 537 3896 Berpkius,
564 3827 622 3880 nisi
649 3826 721 3895 quael
748 3826 876 3880 bimetras
903 3824 1053 3891 dispmcuit
1080 3823 1280 3885 tractatuum

162 3908 354 3975 arsapaestieos
371 3922 433 3960 eum
451 3907 612 3961 Hermanno
632 3905 661 3959 a
680 3907 857 3972 confirmante
874 3903 910 3956 A.
937 3902 967 3958 V.
983 3908 1035 3957 338
1055 3905 1233 3959 cataloeticurr
1247 3898 1282 3954 ad·

162 3985 243 4038 misso
263 3984 423 4039 iocabitum
442 3985 622 4043 Hermannus
640 3986 853 4056 Spenpeliasque
873 3982 959 4049 ‘aa’
976 4000 1007 4051 p.
1027 3985 1084 4037 321
1102 3986 1228 4051 fecerunt,
1243 3996 1285 4035 ror·

161 4069 233 4118 recto
251 4063 338 4129 lubet,
359 4066 426 4119 lieet
443 4065 484 4119 ire
499 4064 537 4132 It,
555 4064 636 4119 lubet
654 4064 734 4119 ilicet
750 4065 884 4131 Briaius,
902 4063 1084 4117 acatalectum
1103 4066 1218 4119 mariam
1235 4061 1288 4115 tica

162 4144 313 4199 Muellerus
323 4145 400 4200 Pras.
412 4163 442 4214 p.
454 4150 499 4213 63,
513 4151 631 4200 correcto
643 4143 846 4218 hibet<intro)
855 4142 935 4196 ilicet
945 4141 1146 4199 Fleckeisenus.
1170 4141 1290 4200 Muturti·

161 4227 211 4279 bus
229 4225 364 4291 formatae
381 4228 564 4280 emulantium
577 4227 731 4281 obiecerunt
750 4224 901 4279 Muellerus
914 4223 994 4278 Pros.
1009 4241 1040 4292 p.
1055 4228 1112 4278 418
1129 4231 1154 4279 et
1172 4224 1294 4295 Berptim
1323 4220 1328 4223 ’

163 4307 274 4358 ‘Beier'
291 4323 321 4374 p.
342 4309 396 4360 159
414 4307 472 4360 coll.
501 4307 621 4362 Varrone
643 4308 721 4377 apud
740 4306 865 4360 Nonium
882 4321 913 4373 p.
933 4308 989 4359 106
995 4345 1004 4371 ,
1022 4309 1055 4357 11
1069 4305 1112 4358 M.
1132 4306 1228 4373 (Ταφῂ
1248 4305 1293 4356 bis-

162 4385 267 4437 vlmrov
286 4386 385 4456 fraprn.
413 4386 472 4439 1⁷11
492 4387 528 4441 R.
555 4387 599 4439 VI
614 4387 677 4455 B.):
703 4386 760 4438 ‘ubi
780 4385 859 4438 lubet
878 4384 918 4437 ire
937 4383 1005 4438 licet
1023 4383 1209 4438 accubitum’.
1228 4390 1245 4449 †
1263 4400 1297 4435 ac·
