2956 5678
184 848 327 898 268-392
665 837 850 893 ΑΡΡΕΝΒΙΧ
1265 840 1328 904 165

183 1002 253 1057 cedo
281 1003 395 1057 strenuo
418 1000 576 1055 sussilimus
595 999 669 1069 quod
688 999 800 1069 esmigo
819 1000 944 1055 findebat
962 1011 1067 1056 costas:
1092 1002 1141 1055 ubi
1154 1019 1206 1071 per
1224 1003 1326 1068 formu·

182 1085 241 1137 lam
265 1084 300 1137 ab
327 1083 458 1137 Acidalio
480 1083 572 1152 primu
600 1081 761 1135 adnotatam
786 1080 859 1135 buue
884 1097 990 1135 oersum
1014 1082 1115 1151 respici
1137 1079 1328 1137 Fleelreiseaus

184 1164 290 1218 cerasuit
308 1163 385 1231 apud
409 1163 560 1216 Vableuum
578 1178 609 1229 p.
627 1163 700 1215 222·
723 1176 807 1229 meque
829 1165 919 1216 tamen
940 1161 1033 1215 miuus
1050 1162 1144 1230 orasis
1162 1166 1200 1216 est
1217 1177 1326 1216 seuseu⁴

180 1259 230 1298 sus
248 1244 286 1298 arl
303 1243 459 1297 nummum
477 1241 680 1309 stabiliendam,
697 1240 722 1294 si
740 1255 796 1294 uon
813 1256 847 1295 ea
862 1241 975 1308 Plauto,
993 1241 1040 1296 sat
1057 1257 1091 1296 ea
1108 1243 1245 1297 eommum'
1263 1257 1323 1296 eom·

184 1324 330 1378 suetudine
346 1322 430 1378 sorba
447 1323 594 1378 addbibuit
618 1321 714 1376 Varro.

272 1409 332 1460 371.
351 1419 441 1472 neque
460 1403 489 1456 id
510 1400 638 1472 Pylades.
676 1403 760 1469 atque
778 1399 808 1453 id
826 1400 901 1454 haud
921 1399 1102 1457 Camerarius.

271 1489 332 1538 376.
352 1483 424 1537 ‘tum
442 1484 531 1538 meseia
550 1499 588 1537 au
606 1481 748 1536 demum
761 1481 809 1536 sit’
826 1479 871 1534 R.-
887 1485 957 1536 reete
974 1484 1093 1537 seroaeit
1111 1483 1231 1538 Briaius
1249 1484 1327 1538 colom

178 1579 236 1634 pro
253 1568 382 1619 commate
394 1579 509 1632 pareus.

271 1649 331 1698 319.
360 1641 416 1698 Vbi
442 1644 503 1698 tute
531 1642 606 1697 huna
631 1657 692 1697 aim
718 1641 819 1695 Bottia
847 1638 877 1692 'u
904 1640 1060 1710 obloquente
1087 1642 1221 1699 Muellero
1248 1644 1326 1700 Pros.

179 1741 208 1791 p.
228 1728 288 1778 580
305 1724 383 1790 (ibid.
400 1740 428 1792 p.
449 1727 532 1792 29sq.
556 1721 677 1791 primum
701 1722 833 1776 imsereute
852 1725 916 1789 past
938 1721 1104 1791 hominem),
1129 1723 1233 1779 Briaio
1251 1725 1327 1792 (olim

182 1805 237 1860 Vbi
255 1808 287 1858 tu
306 1803 412 1870 istane,
434 1807 529 1872 postea
551 1800 604 1856 Die
621 1803 663 1858 oet
681 1801 756 1856 Cedo
775 1800 825 1856 ubi
847 1800 922 1854 hune
936 1805 1118 1869 proponente,
1141 1817 1186 1857 ms
1204 1802 1326 1876 (nouit)

180 1884 346 1954 resistente),
364 1882 484 1937 Belouio
502 1883 536 1937 de
552 1883 632 1937 hiatu
647 1900 677 1951 p.
697 1886 740 1936 15.
960 1920 963 1927 .

270 1968 331 2018 380.
351 1964 383 2016 ln
401 1947 559 2031 Epidamno
578 1964 692 2017 autem?
715 1960 763 2030 qui
787 1962 842 2014 hue
861 1959 1060 2016 Fleelreiseuus.
1098 1960 1130 2016 In
1149 1948 1325 2032 Epidamno?
1362 1958 1374 1976 ‘

181 2044 250 2113 quin
268 2042 325 2097 hue
342 2041 493 2098 Muellerus
507 2041 584 2097 Pras.
600 2059 630 2112 p.
647 2045 701 2097 553
719 2042 784 2097 aeta.
821 2041 894 2095 Ain?
913 2043 942 2095 tn
956 2040 1132 2111 Epidamno?
1147 2045 1195 2111 qui
1210 2043 1265 2100 hue
1283 2044 1324 2102 Ε.

268 2129 330 2179 382.
350 2122 418 2178 Post
436 2122 617 2177 Menaechme
635 2124 702 2189 (mou
717 2126 780 2191 post
798 2120 880 2188 iacis)
903 2137 965 2175 eum
981 2121 1122 2189 prioribus
1139 2123 1270 2179 ‹listimait
1288 2123 1325 2179 u.

180 2237 211 2244 -
232 2203 281 2258 hie
299 2205 331 2257 tu
349 2201 405 2256 sris
423 2203 528 2257 rectius
546 2201 699 2272 Lamyemus
718 2201 828 2256 ‘Beitr.'
846 2218 875 2268 p.
891 2203 952 2254 134.

270 2289 332 2339 384.
352 2283 438 2336 miror
457 2282 524 2351 quid
543 2281 597 2336 hoo
615 2281 713 2352 negoti
732 2285 776 2336 est
789 2282 915 2336 Botbius.
952 2280 1039 2333 miror
1058 2279 1126 2350 quid
1145 2282 1200 2338 hoe
1217 2287 1261 2338 est
1279 2300 1325 2338 ne-

176 2365 240 2435 goti
259 2364 300 2418 It.
328 2363 449 2418 demiror
476 2362 544 2430 quid
571 2363 627 2418 hoe
653 2361 779 2432 negotist
806 2361 957 2416 Muellerus
982 2362 1059 2416 Pras.
1083 2380 1113 2430 p.
1134 2368 1196 2418 580.
1234 2365 1273 2419 At
1290 2366 1326 2430 ef.

175 2447 319 2502 Beelserus
341 2445 372 2497 im
394 2442 513 2498 Studeas.
533 2441 613 2498 Stoa.
634 2443 656 2496 I
668 2460 699 2512 p.
719 2447 784 2498 228.
828 2442 883 2496 Vix
900 2446 969 2496 reete
987 2441 1115 2497 obuoluit
1132 2446 1272 2513 scriptura
1293 2476 1323 2483 —

174 2543 261 2595 ouum
280 2525 333 2591 def.
353 2523 477 2578 Koebius
494 2521 557 2576 Em.
578 2523 623 2577 Pl.
638 2540 668 2592 p.
695 2522 726 2576 X
751 2524 798 2591 (es.
816 2538 840 2575 v.
856 2523 922 2589 167)
942 2551 974 2561 -
993 2537 1061 2576 usus
1085 2525 1234 2578 eorreusris
1251 2525 1326 2579 velut

174 2605 244 2674 nah,
265 2603 340 2659 oluit
358 2603 403 2672 (es.
423 2602 520 2657 Aulul.
539 2605 617 2671 216).

268 2689 329 2739 387.
349 2681 406 2737 iam
427 2682 610 2738 Camerarius.
648 2683 707 2736 tam
732 2682 792 2736 eolt.
817 2680 900 2736 Festo
919 2699 953 2751 p.
972 2685 1027 2737 360
1048 2683 1203 2738 vindicavit
1222 2682 1327 2738 Guliel-

168 2769 257 2822 mius.
301 2763 371 2819 Vide
389 2761 719 2818 aestimassetis
737 2761 917 2816 Ribbeebium
935 2763 968 2816 ile
982 2763 1084 2830 partie.
1099 2777 1132 2830 p.
1150 2767 1201 2830 28,
1220 2762 1325 2818 Corsse·

165 2864 242 2903 ›sum
272 2844 359 2899 ‘Krtt
386 2843 488 2898 Beitr.'
505 2861 534 2912 p.
554 2846 613 2898 272
623 2858 696 2912 saa,
719 2841 886 2896 Loreuaium
913 2843 951 2897 ad
979 2840 1081 2896 Pseud.
1108 2857 1132 2896 υ.
1152 2844 1220 2908 692,
1247 2844 1325 2898 alios.

165 2928 302 2983 Ceterum
325 2925 389 2978 iuste
412 2924 447 2978 ab
470 2924 519 2977 boe
541 2938 620 2977 uersu
643 2923 758 2976 alteram
780 2921 959 2975 rescissionem
983 2921 1081 2974 statuit
1099 2918 1326 2992 Souusmburaius

159 3024 197 3076 p.
221 3009 263 3062 12
272 3021 341 3074 saa,
359 3006 405 3059 eui
418 3021 441 3058 u.
458 3006 607 3057 sss-405.
627 3007 687 3056 415.
702 3006 763 3054 416.
779 3003 918 3052 ess-441
939 3000 1048 3067 tribuit,
1065 3016 1126 3054 eum
1144 3001 1240 3054 tertiae
1258 3001 1325 3056 adeo

163 3105 192 3144 v.
215 3091 373 3140 sss-432.
393 3089 445 3138 4³5
457 3088 534 3137 —437
550 3082 699 3150 adscribat,
715 3081 822 3150 primae
835 3086 867 3133 ut
884 3095 908 3132 v.
924 3084 1074 3137 369-386.
1094 3085 1244 3134 tos-413.
1264 3085 1325 3135 433.

161 3169 320 3222 sss-445
340 3164 541 3232 relinquantur.
580 3160 621 3227 Cs.
646 3162 683 3215 ad
701 3178 725 3215 o.
745 3165 800 3215 404
823 3165 848 3214 et
870 3158 931 3213 uide
954 3159 1137 3229 refraeamtem
1162 3161 1326 3229 Lauyemum

166 3245 259 3302 Seue.
282 3242 328 3296 Pl.
343 3259 373 3311 p.
394 3244 495 3311 300sq.

268 3327 330 3377 389.
350 3320 403 3374 tibi
422 3323 453 3373 tu
472 3321 501 3375 et
519 3320 556 3374 st.
576 3325 625 3374 aut
643 3322 683 3374 sie
700 3323 750 3372 aut
766 3321 799 3373 tu
816 3317 871 3372 tibi
889 3319 919 3372 ot
939 3317 1090 3375 Misellerus
1111 3318 1191 3374 Pras.
1206 3336 1236 3388 p.
1258 3325 1323 3375 708.

167 3409 201 3460 st
221 3404 289 3472 (etet.
308 3401 362 3455 tibi
381 3407 405 3456 et
422 3400 493 3454 mihi
507 3406 571 3470 post
590 3399 685 3468 Egone
704 3401 733 3452 te
751 3400 863 3467 iruerto)
888 3399 1033 3467 Vssimqius
1051 3401 1083 3453 im
1101 3401 1166 3455 adm.
1186 3400 1225 3469 (l).
1258 3400 1323 3454 tibi-

167 3505 228 3557 que
250 3488 281 3538 et
295 3482 488 3536 Fleckeiseuus
506 3481 668 3536 esseutierrte
686 3478 812 3534 Mablero
831 3480 863 3533 ste
879 3495 958 3548 prou.
978 3495 1006 3548 p.
1021 3484 1060 3534 20
1079 3485 1104 3533 et
1122 3479 1274 3535 Sabratero
1291 3481 1325 3535 a

167 3580 224 3620 aa·
241 3564 345 3635 partie.
361 3580 390 3633 p.
408 3566 443 3617 12
461 3562 527 3617 adu.
564 3560 618 3614 tibi
633 3562 638 3627 Ι
654 3563 684 3612 et
697 3559 756 3613 coll.
774 3557 826 3612 tibi
843 3557 847 3625 Ι
864 3560 913 3611 sut
927 3559 958 3612 iu
972 3576 996 3612 o.
1011 3559 1142 3613 lacunosa
1158 3563 1260 3630 Stosq.
1270 3561 1323 3626 (les.

175 3646 337 3703 Valileuus!
363 3643 403 3696 At
429 3643 530 3696 certius
555 3641 637 3695 etiam
662 3656 744 3708 quam
767 3655 811 3691 me
835 3639 867 3691 iu
888 3654 968 3692 oersu
990 3639 1158 3693 auteeeoleuti
1172 3646 1235 3708 post
1254 3640 1325 3693 meas

170 3739 327 3794 saeuorum
345 3736 493 3776 susurrem
510 3718 550 3773 mi
569 3720 694 3774 additura
717 3720 829 3785 firmaut
847 3736 871 3772 o.
888 3723 948 3773 174.
968 3722 1034 3773 208.
1053 3724 1121 3774 220.
1136 3722 1200 3773 222.
1220 3724 1277 3774 320
1286 3737 1323 3788 sq.

177 3808 249 3861 blau
267 3803 350 3857 verba
375 3804 451 3856 certe
474 3801 545 3856 hasa
569 3799 670 3853 mulier
686 3840 691 3852 .
707 3841 713 3852 .
730 3841 735 3851 .
752 3799 820 3852 satis
840 3797 1008 3852 Messenioni
1030 3799 1130 3852 tribuit
1152 3798 1324 3854 Ribbeclius.

176 3887 215 3954 Cf.
237 3883 390 3951 Lamaeuus
408 3880 488 3935 Stud.
504 3896 534 3949 p.
558 3885 601 3933 43.

265 3967 331 4018 391.
351 3959 400 4030 qui
415 3958 479 4015 istic
493 3962 536 4014 est
550 3959 676 4013 Bottius.
692 3987 725 3996 -
741 3957 830 4011 Verba
845 3956 892 4024 qui
907 3956 1088 4023 extergentur
1106 3955 1230 4010 baxeas?
1250 3957 1324 4011 Mes—

177 4045 284 4101 semioui
301 4043 401 4097 tribuit
419 4040 592 4096 Ribbeekius.
614 4037 781 4103 -buxeae,
800 4053 860 4090 eum
879 4036 906 4089 B
924 4051 1074 4104 suprascr„
1094 4032 1278 4091 Camerarius.

267 4128 329 4179 395.
349 4123 421 4176 Mae.
432 4121 587 4190 praemittit
601 4118 779 4184 Ribbeebius,
796 4116 912 4182 [measse
929 4119 1006 4169 reate.
1043 4114 1144 4168 mulier
1158 4115 1324 4171 cantharino

178 4206 233 4260 ritu
261 4205 357 4258 astans
382 4201 537 4255 Scutarius.
574 4196 674 4252 mulier
699 4197 843 4251 canterino
869 4195 927 4249 ritu
952 4194 999 4248 hia
1024 4195 1119 4249 astans
1139 4193 1323 4251 Camerarius.

177 4283 323 4340 eantsrino
337 4282 393 4337 ritu
407 4280 507 4334 mulier
521 4280 617 4333 astans
631 4277 661 4330 st
674 4279 706 4332 iu
719 4279 782 4332 edit.
803 4277 978 4346 ‘quamquam
996 4276 1057 4330 lieet
1075 4276 1157 4329 etiam
1174 4276 1215 4332 sie
1232 4281 1322 4331 trams-

172 4381 290 4436 pomere:
308 4359 409 4416 mulier
427 4358 571 4414 canterma
588 4359 593 4426 Ι
609 4360 704 4412 astans
723 4356 790 4410 ritu’
813 4362 907 4426 postea
931 4354 1007 4409 ritud
1030 4372 1092 4410 eum
1109 4355 1212 4410 Bottia
1234 4357 1324 4411 suasit

174 4445 248 4499 Nos.
267 4458 323 4497 eae.
344 4441 364 4493 I
377 4459 406 4510 p.
428 4444 469 4495 64.
508 4439 554 4493 Aa
573 4440 680 4492 restans
700 4439 734 4504 es.
755 4436 890 4491 Caecilius
913 4453 936 4490 o.
956 4440 1013 4490 273
1022 4452 1060 4505 sq.
1080 4434 1129 4489 a:
1155 4435 1234 4504 ‘quiet
1251 4438 1323 4490 emim

174 4524 298 4582 oseitcuu
316 4522 473 4589 lrietamque
487 4518 594 4583 restas’,
612 4519 649 4573 al.
688 4518 809 4572 Ceterum
818 4517 853 4582 ef.
865 4516 1010 4570 Turuebus
1019 4515 1132 4569 Ateus.
1146 4515 1271 4569 XVIII
1279 4522 1322 4571 15.

249 4607 310 4656 397.
329 4616 414 4669 quom
433 4598 547 4654 fecerim
562 4596 592 4650 It
610 4598 746 4663 resuta-ute
761 4599 876 4652 Brixia:
894 4598 929 4664 es,
941 4596 1110 4650 Isuebbertus
1119 4595 1198 4650 Stoa.
1208 4613 1322 4665 qramm.

172 4684 217 4739 11
254 4685 343 4748 .127‚
361 4683 426 4735 253.

230 4700 328 4816 ρ399.
347 4776 461 4814 uxorem
481 4757 570 4832 (hia)
592 4757 679 4811 habui
700 4755 823 4811 Cuietus.
842 4755 972 4828 (ullam)
990 4771 1103 4810 uxorem
1122 4754 1209 4808 habui
1230 4755 1323 4809 Muel-

172 4848 254 4902 lerus
279 4841 358 4896 Pras.
379 4858 409 4909 p.
431 4843 493 4894 555.
519 4837 637 4909 (haud)
656 4853 769 4891 uxorem
793 4835 880 4891 habui
898 4835 937 4895 fl.
971 4836 1039 4890 Vide
1053 4835 1143 4904 praef.
1164 4866 1197 4874 -
1221 4834 1250 4888 V.
1271 4840 1323 4889 too

167 4925 250 4999 pede
271 4921 407 4991 ‘quidam’
429 4923 505 4991 oprtet
523 4921 690 4975 Lambiuum
708 4919 866 4986 refrayaute
884 4918 951 4987 ipso.
