2956 5678
170 326 233 389 172
643 323 830 378 APPstx
1172 328 1304 378 ror-nr

167 488 247 556 letus)
273 488 370 541 dando
393 490 459 541 anto
482 487 592 543 didisse
617 489 648 556 (1)
673 485 869 541 eornmendans.
907 482 958 538 1¹1.
983 483 1089 540 Posoue
1114 500 1178 539 sam
1201 483 1304 552 quidem

170 567 313 622 Palmerus
331 567 475 623 Hernratls.
497 567 579 620 XIV
597 572 632 636 (a.
652 568 737 631 1888)
753 582 783 634 p.
802 568 865 620 300.

257 653 317 702 498.
348 647 416 716 quid
448 647 501 701 eibi
533 662 634 701 nomon
666 647 709 700 est
743 643 933 712 Canterarires,
962 646 1013 701 ubi
1039 645 1116 713 quod
1144 645 1210 698 ‘alii
1236 645 1303 699 libri

169 726 307 782 Lambini.

259 812 319 860 499.
339 806 420 874 qussi
438 824 496 861 non
514 822 616 861 nomen
633 806 761 871 Bellias,
780 804 929 860 Bentleius.
968 805 1041 860 Mon
1059 803 1154 873 quoad
1168 821 1223 874 pro
1240 804 1303 873 quod

171 886 324 956 Ceppertus
342 886 420 942 Stud.
441 887 486 942 Pl.
505 887 545 940 ΙΙ
557 904 586 956 p.
606 891 643 941 60
661 887 763 941 aeneus
781 899 865 948 0000
882 886 1023 954 scriptura
1041 901 1076 941 ee
1094 886 1209 954 00001)
1226 886 1302 941 eodem

171 967 228 1021 loeo
246 967 393 1035 canopica
411 967 443 1021 in
461 983 540 1020 versu
558 966 726 1020 antecedenti
743 966 894 1035 repetenda.

257 1051 318 1102 sor.
339 1048 414 1102 eene
430 1062 484 1117 pro
504 1048 581 1100 cereo
600 1046 748 1115 00000
766 1045 870 1100 anaor.
889 1044 1049 1099 xxxffl
1064 1061 1096 1114 p.
1116 1049 1181 1112 roo,
1201 1035 1297 1100 ‘seur

258 1215 317 1262 000.
337 1209 465 1276 Aequom
489 1207 513 1261 si
536 1205 624 1261 sacius
647 1223 708 1261 eura
734 1204 892 1261 Camerario
909 1204 948 1260 R.
985 1203 1015 1258 si
1038 1207 1066 1259 ts
1086 1205 1295 1274 sequentuin

169 1286 320 1343 Muellerus
338 1289 416 1343 Pros.
441 1306 471 1358 p.
491 1290 554 1343 759.
591 1287 739 1341 Dubitaoit
762 1287 795 1340 de
817 1287 861 1341 bis
882 1286 972 1341 oerbis
999 1284 1146 1355 Vssineius
1169 1302 1203 1340 eu
1223 1287 1296 1340 siniti

168 1367 290 1435 ratione,
315 1385 370 1436 qua
389 1368 509 1421 Brixiae
532 1382 588 1421 non
607 1365 662 1419 sies
676 1381 731 1435 pro
748 1382 783 1420 no
802 1366 857 1420 sies
875 1367 1004 1435 reposuit.
1041 1365 1082 1419 At
1098 1365 1191 1421 000000
1207 1365 1293 1420 inne

167 1451 206 1500 est
221 1448 317 1515 potius
335 1449 418 1502 initio
436 1462 528 1502 vernes
546 1446 655 1514 aliquid
672 1447 851 1512 intercidisse,
869 1451 900 1500 ut
913 1463 936 1499 o.
951 1449 1008 1500 484
1021 1446 1054 1500 in
1066 1446 1129 1512 fine.
1167 1445 1233 1500 Moe
1247 1461 1291 1498 nou

168 1542 264 1596 rogem
279 1544 332 1597 pro
351 1543 407 1581 non
426 1543 526 1597 negem
547 1527 629 1581 ‘alios
646 1527 772 1581 seribere’
793 1526 865 1580 Pius
882 1526 958 1581 dicit.

256 1612 315 1661 006.
337 1606 440 1660 Sanum
455 1623 524 1674 esse,
543 1605 716 1673 adulescens,
736 1605 908 1675 sincipitium
922 1604 952 1658 Ἠ
970 1606 1045 1672 olim,
1063 1605 1113 1659 ubi
1130 1598 1285 1672 00010000-

168 1686 273 1753 tbllogo
287 1687 350 1741 olim
362 1685 554 1742 Fleckeisenus
568 1687 690 1751 adnuit,
709 1677 833 1755 sinaiprlt
850 1685 985 1754 intellego
1004 1685 1058 1750 def.
1074 1683 1205 1740 Vablesus
1212 1683 1285 1737 Hau

169 1766 200 1818 X
206 1766 273 1819 VII
278 1784 306 1834 p.
318 1772 381 1821 000.
403 1765 444 1832 Cf.
454 1768 595 1821 Bentleius
604 1768 635 1820 in
650 1767 709 1820 Ter.
716 1766 825 1820 Pborm.
836 1766 875 1819 II
884 1770 911 1830 3,
920 1770 969 1828 21,
979 1764 1132 1819 Muellerus
1139 1764 1242 1831 Rosa
1251 1765 1284 1815 80.

257 1851 316 1901 008.
336 1847 389 1900 hoe
405 1845 450 1900 dis
460 1847 579 1903 Botbius
593 1847 665 1900 olim.
685 1844 790 1901 hodied
799 1845 829 1900 It
838 1852 948 1914 postea.-
962 1845 996 1912 es.
1009 1844 1159 1898 Muellerus
1168 1840 1282 1897 ‘nane’

163 1944 192 1994 p.
212 1932 267 1981 118
286 1928 351 1982 adn.
376 1957 409 1967 -
434 1926 489 1982 Pro
513 1931 598 1996 atque
621 1925 725 1998 (eum)
747 1925 852 1981 dedisti
875 1924 1034 1994 (01.5οΜ
1058 1929 1084 1978 et
1105 1926 1170 1991 480)
1191 1935 1283 1988 umque

167 2005 271 2061 dedisti
288 2006 471 2075 Camerarius,
491 2025 575 2076 quam
594 2007 697 2061 dedisti
722 2007 847 2074 Guietus,
866 2023 900 2061 ue
918 2002 1047 2060 detulisti
1066 2004 1210 2059 Muellerus
1222 2001 1283 2057 Pru

163 2103 194 2155 p.
214 2090 253 2141 80
270 2088 337 2142 adn.
356 2093 380 2143 et
400 2091 464 2152 500,
483 2091 568 2156 atque
586 2087 652 2141 huis
670 2087 774 2142 dedisti
794 2087 898 2142 Ouians
914 2102 941 2155 p.
962 2090 1006 2140 05.

257 2168 317 2221 010.
338 2167 383 2222 De
401 2167 507 2236 pallam
526 2166 592 2220 dedi
611 2183 662 2221 nec
681 2167 809 2236 surrupui
834 2168 962 2236 eoqitaur't
979 2167 1102 2221 Briaius
1118 2163 1215 2234 (surpui
1229 2161 1281 2216 0000

169 2247 235 2301 olins
256 2247 365 2316 Quaest.
380 2265 410 2316 p.
429 2248 477 2313 23)
501 2247 658 2315 obloquente
681 2246 802 2302 Valleno
824 2249 862 2301 ad
883 2263 908 2302 o.
928 2250 1009 2303 1073.
1049 2246 1117 2301 Post
1133 2245 1207 2300 oerba
1221 2240 1283 2296 urin

170 2342 254 2381 sunus
279 2343 308 2381 ss
326 2327 459 2381 Peniculo
488 2327 593 2382 tributa
616 2327 723 2395 aliquid
748 2328 919 2382 intercidisse
941 2343 1003 2381 eum
1026 2325 1182 2394 Ladeuieio
1197 2339 1224 2392 0.
1238 2323 1283 2376 lli

167 2408 265 2462 statuit
284 2407 321 2462 It.
363 2406 455 2462 Velut:
479 2403 608 2461 Profecto
632 2406 686 2460 nisi
709 2406 789 2460 illum
813 2410 845 2461 00
868 2407 1034 2461 confiteatur
1052 2405 1157 2470 issara,
1174 2399 1283 2468 (Osann

168 2487 238 2541 haee
257 2489 321 2555 res).
360 2487 464 2542 Contra
482 2503 515 2541 eu
533 2488 649 2542 diuersis
666 2488 869 2542 recursionibus
887 2503 910 2540 o.
925 2491 1068 2541 507-510
1087 2490 1113 2539 et
1128 2500 1153 2539 o.
1170 2485 1282 2538 sti-sn

166 2568 310 2622 derivabat
339 2566 567 2636 Serereenburaius
589 2583 620 2636 p.
649 2571 692 2620 17.
740 2566 779 2621 At
810 2567 889 2621 nulla
922 2567 1033 2622 ormino
1065 2567 1123 2620 ian
1147 2561 1283 2632 reliquitur

166 2647 287 2712 attonio.

256 2733 317 2781 514.
337 2726 405 2796 quia
428 2729 458 2780 00
485 2744 513 2781 es
537 2728 591 2793 des.
621 2726 780 2796 Vssinaius!
804 2727 871 2793 quia
893 2729 925 2780 tu
948 2724 973 2778 is
993 2742 1022 2780 ss
1041 2723 1196 2795 Spuuaelius
1212 2719 1238 2775 T.
1252 2717 1283 2773 M.

169 2807 202 2861 P.
218 2824 248 2874 p.
268 2811 332 2874 130,
350 2807 487 2877 Beralias
507 2807 604 2877 Opust.
625 2807 646 2859 I
659 2824 689 2875 p.
710 2811 782 2860 0781
810 2807 851 2873 Cf.
873 2807 1028 2861 Muellerus
1046 2805 1123 2860 Pras.
1137 2819 1165 2872 p.
1184 2804 1236 2857 703.

257 2894 316 2940 015.
337 2905 380 2941 me
400 2886 484 2940 fuisse
504 2886 632 2939 indutum
652 2885 758 2955 pullum
773 2886 915 2941 Bentleius
933 2886 1048 2955 00000000
1064 2884 1209 2938 Muellerus
1224 2879 1281 2934 na

162 2983 192 3032 p.
212 2970 249 3019 80
268 2967 333 3020 adn.
353 2967 458 3036 pallam
478 2965 607 3022 indutum
631 2966 780 3021 metuisse
801 2966 962 3034 praeferens
979 2966 1095 3020 turbata
1113 2962 1284 3020 allitteratiore·

168 3062 211 3098 ms
231 3044 360 3099 indutum
381 3045 499 3100 exiuisss
519 3045 626 3116 pallam
644 3047 701 3112 fnit
718 3046 767 3115 qui
781 3047 940 3113 praeferret.

254 3129 314 3179 517.
334 3124 407 3194 piari
426 3127 506 3194 iube,
529 3127 601 3196 quod
625 3126 745 3196 Linyius
763 3142 794 3195 p.
815 3128 852 3179 50
870 3126 1007 3194 defendit,
1029 3125 1109 3180 nolui
1129 3127 1227 3178 nutare
1241 3117 1285 3172 soll.

169 3204 281 3258 Trueul.
310 3209 372 3259 031.
408 3206 492 3260 Most.
521 3210 591 3274 815,
618 3207 654 3260 al.
683 3201 755 3275 piari
782 3203 861 3258 iubes
886 3204 1015 3274 Pylades.
1052 3204 1132 3258 iubes
1153 3200 1219 3272 piari
1240 3213 1285 3252 suu

165 3285 263 3340 Cuieto
282 3284 319 3339 It.
353 3284 425 3354 piari
444 3283 528 3339 iuben
547 3285 684 3355 Berytius
704 3285 800 3353 Cpnse.
820 3284 842 3338 I
861 3302 891 3353 p.
912 3289 976 3339 078.
1014 3284 1086 3340 Mors
1104 3300 1148 3337 me
1166 3280 1287 3351 quisqam

164 3367 229 3421 troi.
251 3366 432 3420 Camerarius.

254 3453 314 3501 510.
342 3446 413 3513 ism,
442 3448 524 3514 gestu
542 3448 574 3499 ul
592 3446 630 3500 sil
650 3447 778 3516 Pylades.
806 3444 876 3512 ism,
900 3445 941 3497 uti
966 3444 1004 3498 sit
1030 3445 1113 3513 gestu
1131 3440 1288 3498 camena

165 3526 231 3594 iam,
250 3528 281 3580 ut
295 3526 333 3582 sit
347 3527 436 3594 gesta,
457 3542 510 3593 ogo
521 3524 558 3578 It.
587 3527 631 3580 De
644 3524 709 3592 ism,
729 3526 761 3577 00
775 3523 829 3578 siet
847 3524 929 3592 gesta
937 3524 1037 3578 Briaii
1054 3523 1232 3578 dubitandus·
1243 3533 1290 3573 eun

164 3606 299 3661 Muellero
320 3606 460 3661 ‘Naelrtn'
477 3622 507 3674 p.
523 3610 567 3661 89.
604 3609 739 3672 actutum,
759 3607 791 3658 00
805 3603 843 3658 sit
856 3605 936 3672 geste
955 3603 1121 3671 Waanerus.
1140 3601 1203 3668 ism,
1220 3602 1248 3653 ul
1263 3595 1290 3649 sit

164 3687 252 3752 gesta,
272 3687 313 3739 its
337 3686 499 3741 Weidnerus
522 3686 636 3740 Adsere.
656 3703 687 3755 p.
708 3690 750 3740 15.
789 3683 846 3737 iam
864 3684 934 3752 ism,
960 3684 993 3736 00
1011 3681 1050 3736 sit
1068 3685 1151 3752 gesta
1168 3682 1291 3749 Haemi

163 3765 237 3816 Aren.
255 3764 325 3832 pluit.
347 3762 503 3818 CXXVII
515 3780 545 3833 p.
565 3768 627 3818 133.
665 3764 796 3819 Fortasse
810 3780 865 3832 pro
883 3763 1000 3831 eloquar
1019 3763 1215 3817 adrnittenduar
1232 3757 1292 3812 dolo

162 3859 231 3909 quar
247 3844 316 3910 [coll.
333 3845 528 3911 (d)enurrtiare,
546 3846 726 3910 (dlenarrara
739 3844 814 3915 sin]
831 3844 872 3898 oet
885 3842 1032 3910 traloquar
1050 3843 1092 3897 ael
1112 3841 1233 3896 delicem.
1260 3838 1294 3892 Dr

159 3923 286 3987 proximo
313 3940 398 3978 uersu·
419 3924 557 3978 dubitauit
580 3924 731 3978 Muellerus
755 3925 832 3978 Pras.
853 3940 883 3992 p.
903 3929 1011 3993 22800.
1037 3922 1148 3977 iniuria
1171 3925 1295 3990 0000000

163 4000 288 4054 recident
306 4001 433 4057 iniuriae.
454 4033 487 4041 -
514 4003 544 4056 V.
561 4008 612 4056 521
632 4004 738 4057 inultus
757 4005 817 4059 coll.
834 4004 918 4057 Most.
933 4007 1016 4071 1113,
1035 4002 1157 4057 inultum
1176 4002 1232 4057 coll.
1246 3998 1294 4053 Ter.

163 4079 252 4132 Andr.
272 4085 342 4149 610‚·
367 4082 456 4136 Haut.
477 4089 532 4138 918
552 4089 614 4152 apte
637 4085 795 4150 desnsderis.
835 4082 876 4151 Cf.
897 4083 1019 4137 Bar'erus
1037 4099 1068 4151 p.
1088 4088 1134 4137 95.
1155 4112 1187 4121 -
1209 4079 1237 4133 V.
1254 4081 1295 4131 tlt

162 4158 194 4211 00
212 4175 377 4228 quemquem
398 4162 446 4230 (Β)
468 4164 587 4232 ‘propter
601 4166 737 4218 nanreros'
758 4164 811 4231 des.
837 4163 982 4232 Vssinqius
1001 4163 1046 4231 (ei.
1063 4163 1102 4218 ad
1114 4180 1139 4217 o.
1154 4165 1226 4230 430),
1242 4157 1297 4213 oui·

162 4238 198 4291 sit
218 4239 355 4295 Prole-nias
375 4242 482 4311 Quaeret.
505 4244 550 4299 Pl.
570 4245 602 4297 de
619 4261 699 4313 pron.
719 4244 804 4310 indes.
824 4244 863 4298 ed.
889 4243 1034 4312 Aryentor.
1064 4261 1091 4298 a.
1111 4246 1183 4297 1887
1197 4258 1225 4311 p.
1242 4242 1298 4306 200.

255 4326 374 4390 004000.
403 4323 483 4392 Quod
508 4341 599 4378 versus
621 4325 703 4378 buius
726 4340 838 4379 scaenae
861 4327 969 4378 tanturn
993 4340 1050 4377 non
1075 4339 1167 4378 omnes
1185 4318 1299 4389 (ruentis

162 4409 185 4445 v.
206 4398 364 4467 555-558)
383 4404 572 4468 retractatorr',
590 4420 614 4457 o.
635 4409 720 4458 528-
729 4410 785 4459 537
807 4403 1001 4472 interpolatori
1020 4403 1119 4457 tribuit
1136 4400 1300 4457 80000000-
