2940 5062
163 351 306 402 sis-sss
640 344 824 400 ΑΡΡΕΝΒΙΧ
1244 348 1305 412 191

165 523 228 559 eam
247 522 378 575 umquam
398 505 532 560 sntidhse
550 500 646 559 Friisse
664 504 750 571 illius,
769 509 853 574 qutsm
872 522 917 561 me
938 506 1073 579 sibimet>
1092 507 1242 562 abstulisse
1262 508 1310 562 de-

163 586 243 640 ierat.
269 587 359 641 Aliter
380 585 527 651 Teuffelius
546 586 649 640 Anaal.
666 587 736 655 pbri.
756 586 860 640 XOIX
876 604 906 657 p.
926 591 981 643 484
999 586 1110 660 <neque
1127 588 1233 642 uidisse
1251 605 1310 642 um·

163 682 248 734 quem
273 665 407 719 sntidhao
426 664 519 731 Hono,
544 680 617 731 quae
641 681 686 719 me
705 666 758 720 sibi
783 666 1032 740 61118111ρί1111).ι
1059 669 1108 722 ubi
1126 685 1187 723 aum
1205 669 1311 722 dudum

162 751 288 799 notatum
313 751 377 800 esset
400 750 463 813 post
488 744 660 814 Spenaelium
678 762 696 798 a
714 744 888 802 Fleckeiseno
911 750 995 815 atque
1013 764 1070 802 non
1087 754 1157 802 reete
1174 749 1312 814 omissum,

163 841 263 879 meum
289 827 369 894 idque
394 826 515 879 omnium
541 826 780 895 lanauidissimum
802 828 1018 896 supplementum
1047 827 1184 882 Votienus
1205 829 1311 898 eaaoai·

163 908 241 960 tavit.
280 906 335 975 Qui
351 906 424 975 quod
446 921 536 959 omnes
554 906 676 959 tulerunt
693 907 735 960 oel
748 908 844 975 potius
857 907 1011 961 intulerunt
1028 908 1151 961 mulieris
1169 909 1310 962 iusiuran-

163 986 238 1051 dum,
256 986 287 1039 id
300 1001 436 1054 nusquam
450 985 569 1038 inveniri
587 986 840 1040 animadverterunt
854 984 1082 1055 Sonmmburqius
1106 986 1310 1058 Vssinaiusque,

162 1082 218 1119 nou
237 1066 490 1119 animaduerterunt
510 1064 682 1119 Menaechmi
701 1067 897 1121 iusiurandum
914 1072 1006 1135 aperte
1024 1067 1111 1137 tanai.

252 1150 312 1199 820.
333 1160 376 1198 ms
394 1144 441 1198 hie
463 1145 492 1197 in
511 1142 695 1200 Camerarius.
735 1147 845 1202 ‘Totam
863 1163 969 1201 versum
991 1147 1067 1200 baud
1089 1147 1146 1201 saio
1170 1163 1209 1201 on
1227 1148 1308 1202 talem

159 1226 255 1293 potius
268 1230 351 1294 poeto
373 1225 480 1289 feeerit:
504 1221 566 1276 Tsin
585 1241 668 1279 senex
685 1225 811 1297 <quaeso
830 1226 944 1298 hircio>
971 1226 1099 1280 habitare
1125 1227 1168 1280 me
1187 1225 1228 1281 sis
1248 1228 1308 1296 (aut

166 1322 210 1358 me
229 1305 270 1358 sis
290 1303 429 1371 hbbilars)
448 1303 478 1357 in
496 1304 587 1359 illisae
606 1305 734 1360 aedibus’
754 1306 792 1360 a.
1303 1358 1305 1362 .

253 1389 314 1438 821.
334 1383 392 1438 Mv.
418 1383 506 1438 nimio
531 1382 601 1438 haec
632 1384 810 1455 impudenter
835 1385 1017 1441 Gammarius.
1052 1385 1098 1440 Sa.
1125 1383 1212 1440 nimio
1237 1388 1310 1454 (mem
1392 1417 1393 1420 =

163 1465 304 1529 Acidalio)
319 1465 371 1518 hoe
386 1467 458 1532 (aum
473 1464 585 1534 Bottia)
604 1463 710 1519 ludicre
724 1468 796 1534 (mum
810 1467 910 1535 Pareo)
925 1467 967 1521 Il:
988 1466 1032 1521 ‘de
1049 1481 1103 1535 quo
1120 1472 1211 1520 tamen
1229 1466 1310 1520 dubi·

164 1546 234 1598 tatio
252 1561 309 1598 non
323 1545 389 1599 leuis
405 1544 511 1599 restat’.
549 1545 596 1599 Sa.
608 1545 695 1599 Immo
710 1545 792 1613 ludis,
812 1545 835 1598 si
856 1547 908 1600 hoc
919 1546 1062 1615 Kayserue
1080 1561 1150 1599 oens.
1166 1562 1196 1614 p.
1207 1550 1308 1615 419sa.

164 1623 212 1678 SE.
232 1623 319 1678 immo
337 1622 430 1678 hercle
450 1622 556 1678 ludicre
584 1625 721 1681 Vableuus
741 1626 816 1680 Mus.
836 1626 923 1680 Iliun.
944 1626 975 1679 X
981 1625 1026 1678 l'I
1041 1642 1068 1692 p.
1089 1628 1153 1690 638,
1172 1625 1221 1678 ubi
1238 1622 1310 1678 ludi-

161 1702 227 1758 bsio
246 1704 383 1759 Lucbsius
402 1704 522 1759 Studern.
542 1704 622 1759 Stud.
643 1705 664 1758 I
677 1723 707 1775 p.
728 1708 764 1760 39
787 1706 937 1775 ibidemque
961 1703 1078 1759 ridicule
1097 1705 1310 1772 Studemundus,

163 1786 260 1855 peiare
279 1785 430 1856 Seyffertus
448 1785 527 1840 Stud.
547 1786 592 1839 Pl.
608 1802 638 1854 p.
658 1789 708 1852 22,
729 1788 883 1840 tatemere
906 1785 1060 1855 Vssinaius.

252 1870 313 1920 828.
333 1863 498 1935 exmigrasli
516 1863 559 1931 et,
581 1866 631 1918 ubi
654 1865 831 1933 exmigrsstis
856 1865 994 1920 Valle-uus
1016 1865 1165 1919 desiderat.-
1188 1869 1218 1917 at
1240 1869 1309 1918 reate

159 1947 302 2016 sinyulari
320 1947 410 1999 utitur
428 1946 558 1999 adversus
574 1951 681 2014 patrem
699 1947 832 2012 familias.
849 1977 881 1985 -
897 1944 944 2001 Sa.
965 1945 1086 2000 concede
1104 1945 1168 1998 inde
1187 1961 1205 1997 a
1224 1943 1308 1998 Sara·

161 2042 226 2079 aeno
254 2025 428 2093 oulyabatur.
448 2025 556 2079 —huo
580 2025 616 2079 sis
640 2025 669 2078 ‘a
693 2043 754 2079 eum
773 2027 910 2080 Acidalio.
940 2027 993 2080 hue
1018 2041 1082 2079 mea
1110 2023 1308 2079 Freeoetseuus.

163 2103 344 2159 Probabiliue
362 2106 450 2159 visum
467 2121 524 2159 uno
543 2105 600 2159 loeo
618 2121 699 2174 eoque
713 2122 807 2174 perse
824 2107 921 2160 vitioso
938 2110 1058 2160 mutare:
1077 2105 1112 2171 es.
1126 2104 1225 2173 Amph.
1245 2108 1309 2158 771.

161 2215 195 2224 -
219 2183 249 2239 V.
271 2190 330 2238 823.
351 2199 434 2251 quem
454 2182 482 2236 in
502 2183 594 2239 locum
615 2189 717 2247 autem,
737 2185 854 2239 obsecro
873 2186 978 2240 Doara.

251 2270 311 2319 814.
331 2263 405 2318 ludit
428 2266 456 2317 le
484 2263 529 2318 hio
552 2263 679 2334 profesto
704 2264 822 2320 Botbius
844 2266 874 2319 tu
903 2266 933 2319 te
951 2280 1070 2320 servans.
1090 2293 1123 2305 ·-·
1142 2264 1175 2317 tu
1193 2261 1309 2318 lechnus

159 2363 174 2400 e
194 2345 285 2400 ‘codd
304 2344 373 2399 ant'
395 2345 466 2398 Pius
484 2346 572 2411 affert.
611 2345 658 2400 Sr..
678 2347 728 2413 (sie
748 2344 932 2412 Camerarius)
958 2360 1014 2398 non
1038 2345 1066 2396 te
1086 2345 1164 2397 tenes
1183 2343 1222 2399 It.
1260 2341 1309 2396 Sa.

160 2441 216 2479 non
245 2431 277 2478 tu
303 2427 382 2478 tenes
407 2424 544 2479 Vallenses
569 2427 611 2493 (tn
636 2427 716 2478 tenes
742 2424 773 2477 in
799 2423 827 2476 B
849 2429 955 2478 exstrue
972 2424 1106 2492 sinaeum:
1131 2438 1200 2493 quae
1226 2424 1307 2478 verba

162 2505 314 2560 Matronae
327 2505 401 2559 dedit
418 2506 569 2559 Muellerus
586 2503 727 2559 ‘Nacbtn'
739 2519 769 2572 p.
782 2507 840 2558 129
858 2505 950 2570 (etiam
960 2503 1007 2558 Sa.
1027 2518 1082 2557 non
1097 2506 1129 2557 tu
1143 2505 1221 2557 taces
1239 2520 1307 2558 emu-

159 2600 331 2650 memorans,
357 2585 430 2652 quod
456 2601 519 2639 mox
546 2587 635 2639 suasit
667 2584 840 2652 Weidnerus)
867 2601 977 2654 unaque
1004 2600 1065 2638 mm
1092 2583 1311 2639 antecedentibus

161 2662 283 2718 Brixiae
301 2666 419 2717 mirante
440 2664 577 2719 Vableno:
595 2665 642 2718 sed
659 2664 694 2729 of.
714 2663 813 2717 Pseud.
833 2666 898 2718 216.

252 2749 312 2798 825.
332 2743 441 2798 iocatus
462 2762 490 2799 es
510 2761 582 2799 nune
602 2744 674 2798 hans
694 2740 751 2797 r'em
770 2759 824 2811 aga
838 2760 897 2798 eam
915 2743 1072 2799 Camerario
1086 2743 1124 2796 m.
1154 2743 1195 2812 Of.
1206 2745 1306 2799 Pseud.

160 2827 224 2878 195.
249 2822 359 2877 iocatus
377 2841 427 2878 om.
447 2840 478 2877 es
496 2825 549 2891 def.
562 2824 676 2879 Olsenue
684 2840 712 2892 p.
723 2829 771 2879 29.
801 2825 898 2879 Totum
912 2841 1017 2879 versum
1029 2825 1178 2879 Matronae
1187 2825 1308 2879 Brieius

165 2903 373 2974 Waanerusque
391 2906 461 2959 dant
486 2905 673 2972 refutantibus
691 2904 826 2959 Lorenrio
846 2904 1022 2960 ‘Jabresber’
1043 2922 1068 2958 a.
1090 2902 1225 2975 1877l8p
1253 2909 1308 2959 112

161 2988 187 3036 et
207 2982 354 3038 Ribbeelrio
368 3001 398 3053 p.
419 2990 481 3039 515.
731 3026 739 3033 -

252 3066 352 3132 beosa.
371 3064 433 3117 Alii
451 3064 601 3118 recursioni
618 3066 665 3120 tus
683 3081 778 3119 uersus
796 3065 896 3119 tribuit
914 3064 1141 3135 Souneuburaius
1156 3081 1185 3133 a.
1205 3070 1243 3120 29
1253 3081 1309 3134 sqq.

161 3174 197 3184 -
217 3142 270 3197 tibi
290 3144 427 3196 meoumst
446 3159 502 3211 pro
524 3142 594 3197 mibi
620 3146 742 3199 tecumst
760 3145 896 3199 Luobsius
915 3145 1008 3199 Herm.
1031 3145 1126 3198 XIII
1145 3163 1173 3213 p.
1193 3151 1262 3200 498·
1280 3150 1310 3199 at

159 3225 231 3290 efio.
246 3227 346 3291 323sq.
366 3252 400 3262 -
420 3221 487 3290 quid
506 3224 589 3277 nocui
602 3227 612 3293 l
626 3225 689 3278 Tibi
711 3226 760 3279 aut
779 3224 905 3292 Pylades.
926 3223 993 3290 quid
1012 3221 1066 3277 feei
1085 3238 1138 3292 ego
1152 3227 1162 3292 fl
1175 3223 1240 3277 Tibi
1260 3228 1310 3278 aut

162 3303 339 3358 Gaurerarius
360 3302 495 3370 probante
519 3302 656 3370 Votieno,
682 3305 730 3373 qui
754 3304 860 3355 hiatum
884 3307 930 3368 (aa
947 3319 972 3356 o.
992 3306 1071 3370 3891)
1096 3304 1149 3370 def.
1174 3305 1206 3357 in
1229 3321 1308 3357 versu

160 3384 273 3437 omnino
297 3379 415 3454 ἀμέτρῳ.
459 3383 526 3450 quid
552 3400 605 3452 ego
631 3383 684 3437 tibi
696 3387 706 3451 ΙΙ
720 3381 785 3436 Feci
810 3381 859 3434 aut
883 3381 1043 3450 amoenas.
1068 3382 1202 3450 numquid
1229 3382 1281 3434 tibi
1299 3411 1308 3450 u

160 3461 227 3517 Feci
251 3479 304 3533 ego
330 3466 379 3517 out
397 3461 548 3532 Lanaeuus
573 3463 685 3517 ‘Beira'
702 3480 732 3532 p.
752 3466 814 3517 145.
839 3477 926 3514 sanan
948 3459 1026 3529 tibin
1043 3463 1121 3516 Mens
1141 3463 1184 3515 est
1202 3464 1251 3513 sut
1269 3461 1305 3516 rt.

160 3559 233 3611 quaa
249 3559 328 3597 mens
347 3541 401 3596 tibi
415 3545 425 3612 l
439 3543 495 3595 Aut
509 3542 674 3597 Ribbeelu'us
684 3560 713 3612 p.
729 3545 791 3595 545.
811 3571 844 3580 -
864 3539 922 3593 Aut
940 3540 988 3593 isti
1008 3542 1078 3595 adeo
1093 3541 1239 3595 Brauoius
1255 3540 1307 3593 Ob·

159 3640 229 3678 sero.
252 3640 364 3693 qramm.
385 3640 414 3691 p.
435 3627 485 3688 30,
510 3625 559 3691 qui
582 3623 710 3678 lammam
727 3627 789 3689 post
810 3621 884 3675 buno
906 3637 1028 3687 uersum,
1045 3637 1102 3675 non
1117 3626 1181 3689 post
1198 3637 1222 3673 o.
1243 3624 1308 3687 829,

164 3703 277 3756 statuit:
295 3703 417 3771 memque
435 3704 517 3756 sentit
534 3702 707 3757 Itibbrotius.
729 3732 761 3740 —
782 3716 853 3768 quaa
868 3698 1015 3755 molestant
1033 3700 1104 3754 mihi
1123 3717 1184 3754 eum
1206 3700 1308 3753 Weisio

159 3781 199 3835 a.
223 3798 297 3850 quae
320 3783 440 3836 molesta
463 3781 496 3834 fit
518 3782 589 3836 mihi
614 3783 765 3852 Geppertus
788 3782 913 3850 (itemtque
936 3782 1054 3836 admisso
1078 3779 1165 3849 Titbi)
1184 3780 1235 3833 adt
1253 3781 1309 3833 Leo

159 3861 256 3918 Herm.
278 3860 394 3916 XVIII
408 3878 439 3930 p.
458 3864 546 3930 6851).
571 3861 691 3916 molesta
709 3878 781 3930 quae
800 3862 871 3916 mihi
889 3863 933 3916 est
949 3862 1093 3916 Vableuus.
1117 3876 1189 3929 quas
1208 3858 1307 3914 moles·

160 3943 219 3995 bost
237 3940 343 3995 dudum
363 3941 433 3995 mibi
452 3941 624 3996 Ribbealrius.
644 3973 678 3982 -
698 3941 766 3997 Sea.
787 3942 951 4008 Quomodo?
970 3944 1095 3997 Botlrius.

251 4027 311 4076 828.
332 4021 409 4076 aiere
432 4021 586 4078 Scutarios.
611 4022 685 4076 urier
708 4024 783 4077 codd.
810 4024 928 4093 Pyladis
948 4024 1083 4092 probante
1105 4023 1309 4076 Elmentsorstio

162 4102 270 4158 Obsero.
290 4103 323 4154 in
341 4102 494 4156 Arnobium
516 4104 542 4155 I.
567 4104 676 4156 uertere
702 4103 828 4172 ‘quidam
851 4102 938 4157 codd!
960 4102 1016 4156 Pii.
1042 4101 1132 4155 lusere
1157 4102 1309 4169 Meursius,

160 4183 233 4251 quod
252 4181 376 4235 ‘verbum
394 4180 538 4251 ἀναλόγως
555 4183 670 4248 [aetum'
696 4184 812 4249 sortasse
836 4182 992 4236 audendum
1017 4181 1098 4234 etiam
1118 4177 1147 4230 'R
1164 4180 1252 4233 uisum
1270 4186 1309 4233 est

157 4262 339 4330 probavitque
359 4260 464 4316 Onions
480 4280 508 4330 p.
524 4268 558 4317 71
578 4263 660 4316 simul
678 4264 803 4318 maculas
816 4278 871 4333 pro
886 4262 981 4316 oculos
996 4261 1193 4314 commendans.
1212 4257 1306 4312 lucere

158 4341 287 4397 Botbius.
307 4341 407 4396 rubere
426 4343 587 4397 Weidnerus
601 4361 631 4411 p.
644 4348 685 4397 16.
706 4341 868 4412 turgere&
888 4372 921 4382 —
941 4345 970 4395 ei
987 4339 1085 4393 uiridis
1096 4340 1216 4394 Botbius
1234 4338 1304 4393 idem

159 4420 269 4476 luridus
286 4422 355 4476 duee
374 4422 497 4476 Meursio
515 4425 659 4478 coniciens.
