2956 5678
570 1849 953 1925 PRAEFATIO

709 2046 816 2054 *-

277 2166 381 2231 “Tres
412 2167 475 2230 iam
505 2166 713 2251 praeterlapsi
743 2171 819 2231 sunt
848 2169 923 2231 anni
953 2189 991 2232 ex
1021 2190 1084 2252 quo
1112 2168 1334 2235 FRIDERICVS

188 2271 445 2350 Rusellanum,
479 2278 667 2358 praeceptor
698 2272 938 2357 dilectissimus,
974 2297 1120 2341 reversus
1157 2278 1197 2342 ad
1230 2277 1336 2342 studia

186 2377 338 2443 Plautina
356 2379 556 2464 aliquantum
574 2381 757 2445 intermissa
775 2385 896 2446 ceteras
910 2403 1039 2466 quoque
1058 2387 1131 2447 octo
1150 2383 1276 2448 fabulas
1295 2385 1335 2450 ad

187 2483 368 2551 Trinummi
387 2488 568 2571 exemplum
587 2487 704 2552 iterum
718 2487 810 2552 edere
829 2489 933 2572 iisque
949 2488 1092 2553 nondum
1106 2491 1208 2554 editas
1225 2491 1334 2556 adiun-

187 2614 262 2678 gere
275 2594 431 2658 instituit:
450 2594 541 2658 euius
556 2616 670 2678 operae
681 2592 888 2658 GVSTAVVM
903 2593 1040 2658 LOEWE
1055 2600 1088 2659 et
1100 2594 1334 2661 PRIDERICVM

187 2697 354 2764 SCHOELL
374 2723 488 2784 meque
503 2701 606 2765 voluit
624 2722 692 2765 esse
712 2702 825 2765 socios.
858 2700 928 2777 Qua
947 2701 980 2764 in
999 2723 1033 2765 re
1049 2703 1196 2786 quamuis
1211 2703 1333 2768 viribus

187 2806 414 2891 diffideremus,
437 2811 544 2871 tamen
567 2808 651 2872 laeta
674 2808 862 2871 tenebamur
885 2830 941 2890 spe
964 2809 1033 2871 fore
1057 2813 1093 2873 ut
1117 2809 1262 2895 magistri
1286 2810 1333 2875 in·

187 2914 413 2998 comparabilis
445 2915 580 2980 consilio
611 2919 707 2998 atque
737 2917 857 2978 auxilio
888 2915 989 2979 adiuti
1019 2914 1129 2979 labore
1160 2917 1332 2981 admodum

188 3019 311 3085 difficili
343 3022 617 3107 perfungeremur.
668 3021 761 3097 Quod
792 3023 858 3085 fata
890 3043 982 3087 secus
1014 3023 1194 3088 voluerunt.
1246 3022 1331 3087 Nam

187 3126 247 3190 iam
276 3150 351 3194 cum
380 3129 646 3213 occupatissimus
673 3127 728 3192 ille
755 3132 839 3192 esset
866 3128 917 3192 his
945 3129 1024 3211 ipsis
1053 3130 1167 3193 studiis
1191 3129 1331 3213 undique

187 3235 367 3320 colligendo
400 3240 432 3300 et
464 3235 678 3320 comparando
709 3257 789 3319 quae
821 3235 892 3298 usui
922 3236 1041 3319 forent,
1074 3236 1187 3300 acerba
1217 3237 1331 3301 mortis

185 3342 374 3407 necessitate
405 3364 476 3427 spes
507 3364 648 3425 opesque
678 3342 772 3405 nobis
803 3342 943 3424 optimae
972 3341 1188 3407 conciderunt.
1238 3342 1330 3419 Quod

184 3453 291 3514 tamen
318 3470 359 3513 ne
387 3449 586 3532 sicquidem
610 3450 739 3532 incepto
764 3448 979 3512 desistendum
1003 3449 1201 3533 putavimus,
1229 3450 1331 3533 ipsius

184 3556 392 3641 obsequimur
415 3557 587 3640 voluntati,
616 3557 671 3638 qui
695 3576 913 3639 quaecumque
936 3554 977 3618 ad
999 3554 1149 3619 Plautum
1174 3556 1330 3621 edendum

184 3663 473 3747 expoliendumque
505 3663 703 3746 pertinerent
734 3662 827 3725 nobis
858 3663 975 3725 utenda
1005 3663 1150 3745 permitti
1181 3662 1330 3728 iusserat:

182 3771 342 3853 simulque
375 3771 455 3834 illud
486 3767 581 3833 nobis
614 3769 756 3833 animum
784 3768 919 3852 addidit,
952 3769 1038 3852 quod
1065 3791 1222 3833 memores
1251 3770 1329 3835 dicti

181 3875 394 3942 Ritscheliani
409 3877 562 3961 promus,
580 3898 646 3940 non
666 3876 787 3942 condus
803 3875 886 3940 snm'
900 3897 966 3939 non
979 3898 1074 3958 posse
1088 3898 1153 3941 non
1167 3879 1329 3959 praestare

179 3983 332 4048 duximus
355 3983 463 4048 Plauti
490 3984 709 4048 recensionem
736 3982 1002 4067 qualemcumque
1027 4021 1067 4028 —
1092 3983 1264 4046 dummodo
1287 4004 1328 4047 ne

177 4092 255 4154 fidei
269 4090 364 4155 laude
378 4095 434 4155 aut
449 4090 633 4176 diligentiae
649 4093 770 4155 careret
784 4128 827 4136 —
841 4090 969 4153 tandem
989 4089 1160 4172 aliquando
1180 4088 1219 4152 ad
1233 4109 1327 4151 usum

175 4198 351 4263 doctorum
374 4197 542 4262 hominum
566 4197 802 4262 accommodari
824 4217 921 4278 qnam
941 4196 1131 4260 thensauros
1151 4195 1270 4258 diutius
1293 4195 1328 4260 in

173 4304 379 4370 bibliotheca
404 4303 572 4369 detineri’'.
618 4302 706 4367 Haec
730 4304 808 4367 olim
831 4302 928 4366 verba
949 4302 1050 4386 priori
1073 4302 1206 4366 editioni
1231 4324 1326 4385 quam

170 4434 264 4477 anno
296 4410 381 4474 1878
409 4410 531 4496 publici
559 4411 638 4474 iuris
666 4411 728 4475 feci
755 4409 919 4493 praemisi:
952 4431 989 4475 ac
1015 4431 1056 4473 ne
1084 4431 1170 4473 nunc
1198 4409 1326 4493 quidem

167 4522 252 4605 post
282 4518 400 4602 viginti
427 4521 460 4581 et
486 4521 551 4581 tres
579 4539 679 4581 annos
707 4516 856 4581 iuvenilis
880 4516 1030 4581 audaciae
1054 4514 1238 4599 ardorisque
1262 4537 1326 4599 quo

166 4633 255 4692 tunc
279 4624 436 4707 temporis
460 4625 500 4688 ad
523 4624 607 4689 hanc
630 4623 772 4688 fabulam
795 4622 936 4706 lepidam
954 4623 1179 4687 recensendam
1198 4643 1326 4708 aggres-

164 4756 229 4799 sus
261 4752 334 4794 sum
363 4753 420 4795 cur
447 4752 497 4794 me
525 4731 688 4813 paeniteat
715 4730 852 4793 invenio.
897 4728 982 4793 Nam
1010 4735 1047 4793 nt
1074 4732 1233 4792 mutatum
1257 4751 1326 4793 esse

162 4839 360 4921 mutarique
388 4837 542 4903 iudicium
570 4837 809 4923 philologorum
836 4837 870 4900 in
893 4837 1134 4919 quaestionibus
1157 4836 1326 4920 permultis
