2956 5678
172 343 235 407 190
652 343 838 401 1911111811
1178 352 1317 403 ees-sis

260 509 311 557 ’186
321 519 375 573 sqq.
403 519 456 574 ego
482 520 542 559 eum
563 504 586 559 G
605 521 655 560 om.
675 505 720 558 lt.-
748 507 801 572 def.
828 507 981 563 Muellerus
1002 526 1033 578 p.
1058 514 1116 564 129
1140 509 1317 578 Briuiusqur.

170 584 240 638 Moe
259 583 340 637 uerba
358 582 419 637 Nisi
447 601 504 639 non
532 584 574 639 uis
597 584 686 652 (uenis
709 585 852 655 Botlsius),
875 605 944 656 quae
967 588 1033 643 Seni
1054 591 1227 644 continuant
1248 589 1317 656 luri,

171 664 289 716 Mulieri
308 663 443 717 Gruterus
461 665 560 719 tribuit
583 667 697 734 itemque
718 665 824 720 Onions
839 684 869 735 p.
885 672 927 722 70.
966 668 1071 724 Gontru
1090 669 1316 738 Sonnenburqius

167 760 195 811 p.
211 747 250 797 27
269 759 321 811 quo
339 744 396 796 loeo
415 744 544 798 lacunam
565 747 664 799 statuit
686 745 714 799 u
733 762 832 802 nouam
852 752 1031 803 recensionem
1050 751 1178 819 upnescit
1195 765 1314 804 umerum

171 829 320 878 788-791.
339 829 480 877 sol-807
499 825 535 894 (v.
555 830 696 880 799-800
715 825 894 894 interpolatos
912 826 1011 892 babet),
1029 832 1063 880 ut
1080 843 1105 880 a.
1126 831 1181 880 786
1199 827 1312 895 meimet

167 921 193 958 o.
213 908 264 957 898
279 904 504 973 perincommode.
543 902 584 970 Gs.
604 905 768 960 Ribbeebius
789 922 817 974 p.
840 908 902 959 545.
922 935 956 945 -
982 904 1012 972 l'.
1035 910 1089 960 789
1108 904 1192 970 Quod
1212 904 1259 959 ille
1275 906 1309 959 lu

134 992 140 1001 ·
168 981 225 1037 ciet
247 983 410 1052 Wopnerus.

259 1069 310 1117 790
320 1079 357 1131 sq.
377 1063 552 1118 Menaechmo
570 1066 652 1119 uerba
672 1065 744 1120 Sane
759 1109 764 1120 .
782 1107 788 1119 .
804 1107 810 1119 .
826 1107 832 1119 .
848 1063 970 1133 emplius
984 1065 1124 1119 tribuebat
1139 1063 1308 1134 Ludeuiqius

168 1142 268 1197 Philol.
294 1141 395 1195 XVII
412 1159 443 1210 p.
467 1147 522 1197 464
545 1144 702 1212 obloquente
724 1144 933 1213 Sonnenburqio
949 1161 981 1213 p.
1008 1149 1049 1200 28
1076 1146 1143 1199 adn
1183 1143 1305 1199 ‘cumn

169 1223 234 1276 talis
256 1224 352 1291 potius
378 1224 513 1276 sententia
538 1225 678 1292 expectari
699 1226 820 1280 uidetur:
847 1223 919 1277 Heu
944 1239 1011 1279 sune
1034 1222 1123 1294 eupit:
1152 1224 1251 1292 Atqui
1270 1222 1300 1276 ob

168 1303 258 1356 istene
272 1299 440 1354 industrium
455 1302 540 1356 etium
556 1303 685 1356 emebit
702 1303 812 1359 iacies
831 1303 965 1374 umpline'
981 1304 1019 1359 91.
1036 1303 1171 1358 —istum
1185 1302 1297 1357 Botbius

255 1385 314 1434 792.
334 1381 402 1433 tuan
426 1396 487 1434 eum
515 1381 622 1453 Pylade
636 1381 678 1436 R:
697 1385 747 1437 tuu
764 1385 884 1439 Brixius
901 1389 935 1449 et,
953 1384 1198 1454 interropotioneus
1213 1383 1297 1446 dum,
1323 1381 1326 1385 ’

173 1461 317 1515 Valelenus.
337 1489 371 1500 -
394 1459 435 1526 Os.
455 1461 493 1514 ud
510 1477 534 1514 u.
555 1466 612 1516 786
621 1479 675 1531 sqq.
700 1495 733 1503 -
759 1465 831 1518 Moe
850 1461 916 1516 Sine
936 1468 999 1532 post
1022 1462 1210 1518 Kuereberum
1227 1462 1294 1517 ‘Pru

166 1542 235 1596 sod.’
252 1558 282 1609 p.
301 1544 338 1594 10
348 1556 386 1608 sq.
407 1544 441 1593 14
460 1541 511 1606 def.
539 1540 677 1596 Voblenus
699 1560 770 1598 eeu
798 1546 872 1598 295!
896 1543 943 1596 Au
967 1541 1087 1595 seruirin
1109 1559 1135 1596 u.
1156 1547 1205 1596 798
1225 1538 1294 1606 elil

169 1621 265 1690 Opust.
287 1620 329 1675 11
339 1637 369 1689 p.
389 1625 454 1686 560,
473 1621 520 1674 eiii
537 1628 674 1691 repuqnat
693 1621 844 1677 Gorssenus
862 1621 1003 1690 ‘Ausspm'
1024 1622 1047 1674 I
1060 1638 1091 1691 p.
1111 1624 1177 1676 323.

256 1705 316 1755 796.
345 1717 401 1754 unu
419 1698 463 1754 illi
483 1701 611 1771 Pylades.
630 1700 674 1755 illi
692 1718 749 1756 unu
767 1701 811 1757 dt.-
829 1702 864 1769 ol.
880 1701 970 1771 praef.
991 1716 1049 1755 unu
1062 1700 1103 1755 eis
1119 1699 1293 1756 Flamma

168 1781 241 1837 uned
260 1780 387 1835 Briuius.
413 1795 470 1834 unu
488 1782 517 1836 te
540 1781 704 1852 Wuqnerus.
743 1782 785 1849 Of.
806 1783 958 1836 Muellerus
976 1780 1056 1836 Pros.
1072 1798 1104 1851 p.
1124 1786 1187 1836 578.
1219 1779 1292 1834 Pena

167 1861 234 1916 dure
259 1877 314 1914 nnu
341 1875 427 1930 opere
445 1877 558 1930 operum
573 1878 670 1931 penso.
712 1863 812 1932 Vtique
834 1863 1007 1917 desidmatm
1023 1862 1152 1927 uerbum,
1174 1861 1218 1915 eui
1231 1857 1288 1912 uuor

166 1943 314 1997 subiectum
337 1943 373 1995 sit
392 1957 475 2011 neque
492 1943 614 2011 quadrat
632 1941 699 1996 dure
719 1958 837 2011 pensum
860 1943 928 2011 (scil.
951 1943 980 1994 te
1005 1939 1093 2010 uiris).
1131 1940 1241 1996 &uuis
1257 1937 1288 1992 rel

166 2022 198 2075 in
212 2021 336 2090 postules
350 2026 421 2075 serto
439 2022 554 2076 oonsilio
572 2028 689 2091 notoque
707 2022 799 2088 tipum
818 2023 931 2089 repetito
949 2019 1286 2089 offenditSonnenbuepiss:

167 2101 202 2167 es.
221 2101 259 2155 ad
276 2117 300 2154 o.
321 2105 377 2156 786
387 2118 442 2170 sqq.
479 2102 568 2156 Ado.
589 2107 640 2156 799
660 2103 694 2167 ef.
715 2101 744 2155 lt
766 2101 863 2172 Opuse.
884 2101 926 2155 II
935 2117 966 2169 p.
985 2105 1049 2156 454.

256 2184 316 2235 809.
336 2180 379 2233 De
397 2181 478 2234 tante
495 2182 529 2247 es.
551 2182 588 2235 ad
605 2198 630 2235 u.
651 2188 716 2237 680.

255 2265 317 2314 891.
337 2257 452 2323 Quando
473 2263 598 2315 curetum
624 2264 653 2316 et
677 2260 808 2316 uestitum
827 2262 898 2315 bene
917 2258 1005 2314 hebet
1022 2263 1053 2315 te
1071 2260 1110 2316 Β,
1146 2260 1183 2315 At
1198 2254 1282 2327 qnando

167 2343 295 2395 ornatum
323 2343 353 2394 et
379 2340 512 2394 uestitum
541 2339 612 2395 bene
640 2342 727 2396 hebet
753 2344 781 2395 te
806 2341 948 2410 Kapseeus
971 2356 1042 2395 rens.
1064 2357 1095 2410 p.
1115 2344 1178 2396 420.
1209 2335 1281 2401 Alei.

166 2421 283 2489 append.
303 2420 340 2474 ad
358 2436 382 2475 o.
401 2423 460 2475 120
478 2426 503 2474 et
525 2419 661 2477 Votienus
686 2421 761 2476 Mus.
786 2419 875 2474 Rben.
898 2418 981 2474 XVI
999 2437 1029 2489 p.
1050 2424 1114 2476 637.
1135 2450 1166 2460 -
1185 2414 1281 2486 empulo·

167 2516 228 2553 sam
253 2500 356 2569 ‘priseo
380 2501 557 2570 exemplariu’
583 2501 639 2555 Pii.
664 2499 786 2569 amplius
810 2515 846 2553 ne
871 2498 998 2569 postules
1023 2499 1190 2554 Seremus:
1208 2492 1280 2563 elul

168 2597 191 2634 u.
212 2583 276 2634 683.

256 2666 315 2715 809.
337 2661 380 2727 Os.
400 2661 438 2715 ad
455 2677 479 2715 o.
500 2664 561 2715 155.
600 2661 728 2728 meliust,
752 2659 869 2725 mulier,
887 2661 1009 2713 mentem
1030 2675 1126 2714 sunum
1145 2671 1238 2713 eumue
1251 2651 1279 2706 Β·

256 2746 316 2794 808.
343 2738 498 2810 suppileuit
522 2739 561 2794 mi
584 2756 681 2793 aurum
705 2745 810 2795 seruato
833 2738 918 2793 modo
943 2738 1157 2808 Kampmannus
1178 2738 1207 2793 de
1222 2746 1250 2786 ⁵1
1263 2737 1279 2786 d

169 2831 209 2870 oe
222 2836 348 2890 praepos.
363 2837 393 2889 p.
413 2825 457 2875 10.
478 2851 511 2860 —
532 2818 637 2889 pellem
657 2837 690 2873 ex
710 2820 892 2874 Camerarius.

255 2905 316 2954 804.
336 2900 407 2953 elem
427 2916 471 2954 me
493 2899 659 2954 Gulielmius
680 2898 879 2969 Gruterusque:
899 2900 973 2954 unde
990 2898 1067 2968 gerit
1085 2898 1222 2954 Bentleius.

256 2983 315 3032 808.
336 2979 440 3034 factum
461 2981 504 3034 est
523 2978 612 3047 scibo,
636 2978 777 3033 hominem
806 2977 890 3032 adibo
910 2978 1036 3048 Rplados.
1056 3009 1090 3020 -
1109 2995 1142 3034 us
1160 2977 1280 3043 mnloqnu

174 3059 336 3113 Weidnerue
350 3060 463 3114 Aduers.
482 3077 510 3129 p.
523 3065 560 3114 16
576 3061 714 3126 refutante
727 3059 859 3130 Seyfferto
874 3059 1051 3114 ‘Jubresben’
1072 3077 1099 3115 u.
1114 3057 1207 3129 essue
1219 3058 1279 3126 pil.

254 3143 314 3193 899.
336 3139 433 3210 ‘qu0d]
453 3158 492 3194 un
510 3141 577 3210 quid
592 3140 718 3210 potius?
749 3139 778 3193 lt
797 3140 986 3208 adstipulante
1003 3139 1124 3194 Becbero
1141 3141 1171 3194 in
1187 3136 1280 3192 studes

166 3217 245 3272 Stud.
265 3219 286 3270 I
296 3236 326 3287 p.
349 3223 410 3273 146.
430 3250 463 3259 -
483 3219 646 3276 dissentitis
666 3221 815 3275 Meursius.
844 3220 993 3274 decertatis
1012 3218 1182 3274 Gulielmius.
1198 3217 1281 3281 discen

167 3298 235 3352 tutis
255 3299 372 3353 Goloins.
398 3297 563 3355 discernatis
582 3301 767 3356 Boubornius.
794 3298 952 3355 dissentitis
971 3315 1034 3352 eum
1051 3299 1120 3366 Du,
1136 3303 1168 3353 ut
1179 3296 1283 3368 putum

165 3378 193 3431 lt
218 3385 412 3450 propuqnaute
441 3378 552 3434 Goeteio
579 3383 611 3435 in
635 3381 788 3447 Woelfflini
812 3381 894 3434 Aret.
919 3380 958 3431 ΙΙ
976 3395 1005 3447 p.
1026 3382 1080 3432 347
1104 3396 1138 3434 eu
1158 3378 1283 3447 ebusum

164 3461 300 3514 munoria.
331 3463 371 3513 At
389 3461 423 3526 ef.
445 3458 511 3514 Cato
529 3476 555 3527 p.
577 3465 623 3525 58,
642 3465 676 3514 14
696 3460 775 3515 lord.

253 3545 313 3594 810.
333 3540 419 3593 Hune
437 3556 461 3592 u.
481 3540 540 3593 coll.
560 3556 583 3593 u.
600 3543 654 3594 777
672 3541 722 3594 del.
739 3539 966 3608 Sonneuburqius
980 3554 1011 3606 p.
1027 3543 1066 3593 27
1084 3539 1196 3608 itemque
1208 3535 1284 3592 suo

164 3621 276 3674 eisenus.
314 3619 380 3687 quid
409 3621 440 3671 tu
469 3621 532 3672 trux
561 3635 589 3672 es
614 3635 675 3673 eum
698 3620 788 3673 Pareo
814 3617 963 3686 oenone,
990 3620 1062 3687 quod
1085 3622 1216 3689 recipiens
1235 3617 1286 3685 quil

162 3699 241 3752 illam
260 3701 354 3753 eutem
374 3699 423 3753 ubs
443 3701 489 3752 ted
510 3699 611 3753 iratum
637 3698 767 3752 destituis
786 3698 921 3752 Butleiue:
938 3699 1012 3752 unde
1029 3699 1170 3754 uerborum
1193 3699 1287 3754 uoltum·

164 3781 201 3832 tio
221 3781 288 3847 quid
307 3779 358 3833 ille
376 3783 469 3833 autern
496 3780 545 3832 abs
569 3780 598 3833 te
622 3779 694 3832 irate
718 3778 830 3832 destitit
848 3783 889 3846 (ut
907 3795 930 3831 u.
951 3779 1016 3846 777)
1035 3783 1167 3834 remansit
1184 3775 1289 3850 upudll

164 3875 304 3926 omnesque
317 3864 381 3927 post
400 3876 474 3926 eum,
500 3861 556 3913 nisi
579 3860 651 3928 quod
674 3859 812 3914 Votienus
835 3876 868 3912 er
886 3858 914 3910 B
937 3857 1041 3911 iustum
1065 3860 1195 3914 destituis
1210 3859 1290 3914 mlta

162 3941 297 3991 reuocauit
321 3955 381 3992 eum
406 3940 492 3993 ruina
518 3955 609 3993 uersus
634 3939 680 4007 (es.
710 3939 924 4007 Kumpmunuus
949 3938 982 3990 de
1006 3950 1045 3987 eu
1068 3954 1195 4009 praepos.
1216 3957 1244 4008 p.
1259 3941 1290 3990 22

163 4018 249 4086 adn),
268 4035 328 4071 euru
348 4021 413 4073 libri
430 4021 486 4088 ipsi
504 4020 685 4073 demonstrent
704 4018 792 4072 desiit
810 4019 982 4072 decurtatum
1000 4018 1098 4073 turbes
1116 4020 1224 4073 tuisse.

253 4102 368 4168 812sqq.
388 4098 517 4168 Deosque
541 4102 630 4153 testor
653 4101 739 4153 testes
763 4098 925 4152 Weidnerus
950 4097 1065 4151 Adsere.
1082 4116 1112 4166 p.
1134 4104 1177 4154 16.
1196 4129 1226 4138 -
1245 4096 1294 4151 teil

163 4175 241 4234 Meu.
262 4180 364 4233 Rerum
384 4181 508 4233 omnium
528 4179 573 4232 Me
592 4196 679 4247 nego
703 4177 752 4233 isti
767 4219 773 4230 .
789 4221 795 4232 .
812 4219 817 4230 .
835 4218 841 4232 .
856 4178 1030 4244 surrupuisse
1054 4182 1140 4247 utque
1158 4177 1295 4234 abstulisse

162 4259 197 4310 ad
217 4260 335 4312 alterum
355 4259 581 4330 Sonnsnburqius
595 4278 624 4327 p.
639 4264 690 4324 29,
710 4260 758 4312 ubi
776 4256 968 4326 surrupuisse,
986 4259 1073 4325 utque
1093 4259 1241 4313 abstulisse
1258 4258 1295 4311 de

160 4337 232 4390 ieret
252 4340 433 4397 Camerarius.
459 4341 633 4410 surrupuisse
653 4343 682 4394 et
701 4339 863 4392 abstulisse:
888 4337 996 4392 deierat
1020 4338 1183 4407 Wapnerus.
1216 4341 1296 4394 Meu

161 4433 225 4470 nam
243 4421 364 4488 siqnauit
387 4420 415 4473 lt
441 4421 533 4491 ‘quum
558 4422 597 4475 sie
620 4421 744 4489 supplere
767 4420 858 4474 licebit
875 4419 1052 4488 sdrrupniese
1070 4417 1197 4490 <pellem
1216 4435 1297 4488 neque
