2956 5678
238 319 302 383 184
653 292 656 297 ’
690 315 899 372 ursarum
1100 314 1169 373 mc.
1184 316 1380 372 sosas-sc

235 497 305 550 prere
330 480 381 534 sub
407 480 488 551 ficem
513 478 646 532 oderetuto
669 485 734 533 suist
760 480 801 546 (p.
813 471 884 549 119)¹
899 484 925 533 et
943 478 1124 533 Sctroederus
1145 480 1178 532 ἐκ
1195 477 1382 533 Studemuodi
1417 484 1423 493 '

236 560 316 614 suso.
336 560 379 612 II
402 576 430 627 p.
446 563 481 613 31
580 562 625 612 37.
653 557 854 612 deconciliures
881 558 925 612 illi
940 558 1089 629 'Seuliper,
1117 558 1243 613 Bottias.
1280 558 1382 612 decon-

238 639 349 694 ciliarec
376 639 438 693 ibus
469 634 499 693 ’0.
520 637 672 693 Muellerus
762 636 804 705 Os.
832 638 991 693 Ilusctltus
1009 638 1084 692 ‘Uola
1102 639 1161 693 und
1179 637 1242 694 sao.
1262 636 1383 707 Spraeb-

235 720 351 774 anso:
363 736 393 788 p.
403 721 440 772 83
494 724 536 773 38.
549 717 636 787 Vulpo
648 717 789 773 sororium
802 712 949 774 iambicum
963 719 1118 773 discredunt
1130 718 1210 773 dictu
1223 718 1382 772 decoratum

328 805 371 853 40.
397 798 451 852 Vix
467 814 610 868 supersum
630 797 720 853 dolori
740 796 789 866 qui
808 795 838 850 in
857 795 918 851 dies
936 813 989 851 uac
1008 796 1109 851 misero
1128 794 1199 850 mibi
1219 810 1253 849 ao
1270 793 1384 865 perdito

236 878 368 947 reglescit
385 877 477 946 magis
496 875 641 947 magisque
662 877 781 932 Vrsinus
798 878 913 946 supplet.
945 876 997 930 Vix
1016 892 1099 947 super
1117 892 1170 945 ego
1188 872 1233 929 illi
1251 891 1313 929 sum
1333 873 1384 929 do·

236 959 304 1026 lori,
323 958 372 1029 qui
391 959 420 1012 in
439 956 500 1011 dieo
519 963 585 1012 uas!
614 958 716 1012 misero
740 956 809 1011 mibi
833 955 948 1011 Perdito
971 955 1097 1025 reglioeit
1121 972 1203 1024 mago
1232 953 1385 1025 magisque
1451 992 1456 999 -

237 1039 363 1095 Botirius.
401 1038 508 1093 ‘Datur
525 1039 592 1092 tole:
619 1035 674 1090 Vix
702 1037 833 1108 supcruui
856 1035 907 1090 illa
931 1054 993 1090 cum
1017 1054 1051 1090 ex
1069 1037 1122 1090 huc
1140 1052 1171 1089 rc
1188 1034 1292 1105 moero
1311 1034 1385 1089 mihi

237 1118 310 1173 Accr
324 1116 564 1195 dolorrcglcscit‘
583 1117 725 1173 ll'interus
795 1122 839 1172 41.
868 1116 966 1171 Surum
995 1133 1052 1170 non
1070 1118 1114 1171 est
1131 1113 1187 1170 tibi
1203 1116 1245 1171 cd.
1263 1115 1386 1170 Botdius

289 1205 332 1253 4⁶2.
361 1197 522 1253 uerberibus
540 1199 633 1252 ustam
657 1198 774 1253 Vrsinus
795 1200 826 1252 io
843 1198 923 1251 Festi
939 1198 1029 1251 uerbis
1047 1198 1169 1268 corripit,
1187 1213 1245 1252 oon
1262 1201 1334 1250 reete

236 1285 279 1335 43.
298 1278 405 1355 Venter
423 1278 547 1332 suillus*
558 1276 703 1332 *ardicam
719 1295 768 1333 suo
782 1278 894 1332 nomine
908 1276 1075 1345 scrutillum,
1089 1292 1142 1346 ego
1156 1293 1201 1331 ma
1216 1274 1300 1331 hodic
1311 1292 1384 1331 *s*

236 1359 346 1427 siquid
366 1361 453 1427 esset,
482 1357 556 1427 quod
576 1374 688 1413 comesu
706 1360 779 1414 farto
796 1358 922 1412 biberem
946 1357 1078 1425 Vrsinus,
1095 1357 1168 1411 unde
1188 1354 1293 1410 Ventris
1315 1356 1385 1410 ouil-

239 1439 282 1493 lus
293 1455 310 1494 r
320 1455 337 1494 r
347 1455 364 1494 r
374 1437 478 1509 (dicam
498 1455 548 1492 suo
563 1436 617 1490 sibi
635 1440 748 1493 nominc
763 1426 937 1506 Scrutlllirm)
947 1453 964 1491 s
974 1454 990 1491 s
1001 1454 1018 1491 s
1028 1437 1058 1490 B.
1079 1438 1198 1507 Egomet
1216 1435 1386 1491 bodicus*
1404 1434 1408 1441 ”

238 1519 263 1575 si
295 1519 408 1589 quidem
437 1519 517 1573 Esset
544 1535 684 1573 comesus:
717 1519 789 1573 forts
820 1515 946 1570 biberem
975 1517 1099 1572 Bothius.
1146 1514 1253 1570 Venter
1284 1514 1387 1571 suillus

238 1598 426 1653 distribuatur
442 1596 576 1666 pluribus.
610 1596 640 1653 B.
655 1598 756 1653 Totum
777 1597 932 1650 scrutillum
951 1613 1004 1665 ogo
1024 1614 1067 1651 mc
1086 1594 1170 1651 hodic
1185 1612 1298 1650 esurum
1315 1597 1387 1651 reci·

236 1694 346 1749 potem,
372 1678 401 1734 Si
424 1676 500 1745 quod
527 1693 638 1733 comesa
665 1677 738 1731 stite
766 1678 890 1732 biberem
917 1679 992 1731 esset
1010 1676 1080 1730 mihi
1103 1675 1259 1731 Winterus:
1278 1678 1388 1731 ἱκεσία

236 1760 330 1813 ornato
383 1762 426 1811 44.
448 1755 488 1823 Os.
508 1757 579 1824 Neff
592 1759 625 1811 de
645 1757 737 1811 Paulo
755 1756 837 1810 Dice.
853 1774 883 1824 p.
899 1761 934 1811 53
987 1761 1032 1811 47.
1055 1756 1209 1811 murrinam
1228 1754 1386 1831 (dulcem)

236 1840 344 1907 supplet
369 1837 494 1908 Voiptius
514 1838 590 1891 Mus.
611 1838 697 1892 Rbeo.
726 1838 777 1891 ool.
797 1836 945 1890 XXVIII
967 1838 1108 1907 (α.187,3)
1131 1854 1161 1907 p.
1176 1840 1228 1903 61,
1248 1854 1303 1906 pro
1331 1854 1387 1907 quo

236 1920 331 1974 saltem
350 1918 423 1972 uelut
440 1916 628 1989 (optumum)
644 1918 801 1991 poscendum
820 1922 886 1971 erut.
905 1943 924 1969 υ
938 1937 954 1969 r
969 1917 1116 1972 mittebam
1135 1933 1213 1987 eps.
1230 1917 1388 1974 lt'o‘otcnrs:

238 2000 274 2066 ef.
293 1998 330 2052 od
349 1997 486 2051 Acbarist.
507 1998 549 2050 11

330 2082 373 2132 49.
403 2076 475 2143 Quid
494 2077 547 2130 hoe
566 2079 627 2130 cst?
646 2077 795 2148 Sepffmtus
813 2077 893 2132 Stud.
913 2078 959 2132 Pl.
975 2095 1006 2148 p.
1020 2083 1068 2135 29.
1105 2078 1263 2133 lodoicum
1279 2083 1390 2135 octona·

236 2162 309 2215 rium
328 2160 451 2229 apooseit
470 2156 661 2213 Fleckeiseous
681 2157 754 2211 ‘Zur
768 2156 879 2213 Kritib’
901 2176 922 2213 c.
936 2176 961 2228 q.
975 2175 996 2214 s.
1015 2175 1043 2226 p.
1058 2163 1102 2213 45.
1145 2156 1219 2222 Quid
1246 2160 1293 2213 bot
1315 2160 1390 2216 hocs

238 2241 322 2310 rugat
347 2238 479 2308 ptllium:
508 2237 635 2292 Amictus
657 2254 714 2292 non
737 2255 797 2291 sum
822 2239 966 2291 commodo
986 2238 1118 2297 Hertuius
1141 2238 1207 2293 otios
1279 2246 1324 2295 50.
1344 2239 1391 2297 exi

238 2322 317 2376 Daue
336 2319 502 2375 Ritselrelius
523 2317 572 2386 Op.
589 2319 630 2371 ΙΙ
650 2335 679 2387 p.
691 2321 748 2371 326
767 2318 832 2373 adra
852 2319 985 2373 trochaeis
1003 2319 1157 2389 discriptis:
1175 2319 1307 2376 iambicos
1326 2337 1390 2376 con·

237 2404 327 2459 stituit
346 2401 538 2457 Fleckeisenus
556 2399 636 2453 Las.
651 2416 681 2468 p.
692 2402 735 2452 45.
762 2397 854 2454 ...oxi
872 2397 1011 2466 'lundata
1030 2397 1090 2469 Ago
1109 2400 1212 2468 spdrgu
1229 2417 1251 2455 e.
1269 2418 1295 2469 q.
1313 2417 1338 2455 s.
1357 2403 1390 2456 in

238 2484 303 2537 udu.
319 2482 469 2536 tt'ioeerss.
489 2523 495 2534 .
516 2521 521 2532 .
543 2520 549 2532 .
569 2480 615 2532 exi
633 2480 665 2532 tu
683 2476 771 2543 Daue,
791 2493 854 2547 ago,
874 2479 988 2546 aptrge:
1002 2481 1012 2547 ΙΙ
1025 2478 1161 2532 Mundum
1180 2480 1317 2535 essehoc
1337 2522 1344 2535 .
1361 2522 1390 2539 ..

238 2563 347 2616 nostra:
366 2561 515 2631 Seyffertus
586 2559 680 2612 uestra
698 2574 755 2611 corr
770 2574 886 2626 prorsus
903 2559 984 2612 reicit
1002 2558 1153 2615 Schoetlius
1229 2560 1298 2631 non]
1322 2562 1391 2618 uolo

240 2642 447 2697 Fleckeisenus:
471 2640 534 2693 item
553 2637 730 2707 Loderoipius
749 2637 852 2691 Plrilol.
872 2638 922 2691 coi.
945 2637 1046 2691 XVII
1063 2640 1100 2706 (α’.
1121 2640 1206 2709 1861)
1225 2657 1256 2709 p.
1271 2644 1334 2696 268
1352 2641 1392 2697 od

240 2722 392 2777 Bacchides
405 2720 543 2789 pertinere
558 2724 665 2788 putans
1198 2727 1203 2735 ·

329 2815 371 2863 52.
402 2809 442 2877 Cf.
463 2825 532 2877 quoe
550 2809 613 2862 dixi
631 2807 715 2860 rioci.
737 2805 783 2860 Pl.
799 2823 829 2874 p.
845 2811 908 2872 110,
927 2808 976 2861 uti
995 2808 1092 2863 bodens
1109 2808 1184 2863 bisse
1206 2809 1279 2876 firmi
1305 2811 1392 2867 msi-

240 2892 346 2945 eulum:
373 2888 446 2943 Nam
474 2887 574 2957 grtndi
603 2885 670 2941 licui
693 2887 784 2940 mtnu's
808 2889 873 2941 sunt
896 2890 964 2956 apta
983 2887 1077 2942 drilcia
1184 2894 1228 2944 53.
1262 2886 1306 2957 Os.
1327 2889 1392 2947 ooo

241 2968 468 3038 ‘spridswo'rrer’
494 2985 524 3037 p,
539 2973 599 3024 272
642 3010 646 3015 ,
684 2965 761 3019 Anus
788 2965 858 3021 haec
885 2968 998 3023 inbellis
1027 2956 1181 3037 poticulam
1208 2970 1391 3039 portenditur

240 3067 300 3106 cum
319 3051 385 3103 otiis
403 3049 521 3102 Botbius
605 3044 760 3115 tegiculum
780 3048 958 3115 protenditur
975 3049 1082 3104 Parrus
1171 3054 1214 3103 57.
1243 3050 1292 3104 Aa
1315 3050 1392 3118 Quid

241 3128 430 3183 murmurillas
448 3129 541 3181 tecum
555 3130 565 3196 n
578 3126 615 3182 Et
632 3128 661 3180 te'
680 3143 701 3179 e.
716 3144 740 3195 q.
755 3124 797 3179 a?
869 3132 911 3193 58,
929 3128 1021 3198 ‘Quod
1034 3130 1059 3181 si
1071 3133 1141 3183 reete
1153 3129 1263 3197 liabent,
1276 3134 1311 3185 ut
1322 3148 1388 3200 pro

240 3209 329 3263 babile
343 3213 396 3272 est,
414 3207 564 3275 Nonium,
580 3212 642 3276 post
661 3205 750 3259 leuior
770 3222 800 3259 cs
821 3208 886 3274 finis
904 3224 997 3263 cereus
1014 3208 1086 3275 foit'
1101 3208 1142 3263 L.
1162 3210 1318 3266 Muellerus
1373 3214 1380 3225 “

242 3289 284 3354 Os.
303 3290 341 3343 od
361 3288 437 3343 Pers.
452 3292 509 3343 244
528 3304 597 3357 puae
615 3288 816 3342 adnotaverunt
829 3287 994 3343 Ritsehelius
1012 3294 1037 3342 et
1052 3289 1201 3345 Schoellius
1218 3295 1244 3346 et
1260 3290 1354 3361 pluma
1371 3312 1392 3348 o

240 3370 348 3425 Loewio
363 3373 507 3438 protracta
527 3367 627 3421 Prodr.
643 3383 673 3435 p.
686 3371 758 3422 289.-
777 3366 911 3437 Tippula:
932 3367 1034 3422 uermia
1054 3367 1199 3436 aquaticus
1270 3370 1318 3426 De
1334 3370 1392 3442 tip-

240 3450 308 3520 pula
329 3450 432 3516 forma,
459 3464 585 3517 proquo
607 3445 709 3514 tipulla
731 3448 772 3501 oet
796 3446 919 3517 tippulla
939 3455 1143 3518 proposuerunt
1160 3448 1285 3522 Scolipcr
1312 3459 1339 3508 et
1358 3452 1391 3509 0.

218 3530 392 3584 -Muelleros
419 3529 457 3582 od
484 3527 559 3583 Fest.
583 3545 613 3596 p.
629 3533 695 3596 366,
710 3533 741 3594 5,
769 3528 804 3593 cf.
829 3528 1009 3584 Buechelerus
1028 3530 1103 3584 Mus.
1122 3529 1210 3586 Rbeo.
1237 3532 1292 3587 ool.
1313 3532 1397 3587 XIV

241 3611 278 3677 (α.
299 3612 384 3676 1858)
399 3625 429 3677 p.
445 3612 512 3676 451,
535 3607 704 3676 Leidolpbus
728 3609 761 3661 de
780 3606 860 3663 Festi
884 3615 909 3663 et
927 3608 1013 3664 Posti
1039 3611 1104 3664 iocis
1122 3610 1169 3664 Pl.
1186 3627 1216 3680 p.
1230 3615 1297 3667 234
1335 3613 1393 3670 De·

240 3693 322 3759 nique
342 3690 413 3744 adde
430 3705 499 3757 quac
513 3688 654 3743 Wintcrus
669 3691 760 3757 praes.
777 3707 807 3758 p.
818 3693 854 3744 17
873 3691 999 3758 exposuit
1071 3696 1113 3745 58.
1133 3689 1192 3744 Nec
1209 3689 1238 3745 iu
1257 3691 1393 3749 machae-

232 3786 300 3843 ram
320 3769 406 3823 audes
433 3769 578 3823 Winterus.
616 3769 689 3835 Nec,
707 3770 870 3836 machaera,
889 3768 930 3822 mi
953 3769 1039 3823 audes
1064 3769 1161 3824 dentes
1183 3770 1319 3841 Bottius,
1342 3775 1395 3830 ubi
1458 3812 1461 3819 -

242 3850 340 3904 dentes
369 3848 468 3903 audes·
484 3847 518 3902 L.
546 3847 696 3903 Morituros
805 3849 926 3904 Ceterum
950 3850 1032 3904 etiam
1050 3849 1103 3903 azir·
1130 3850 1171 3904 itu
1198 3851 1423 3923 distinpsantt·

242 3929 310 3994 Noe,
329 3930 487 3996 machaera,
506 3926 593 3982 audeo
612 3944 633 3982 e.
647 3945 672 3997 q.
687 3945 708 3982 s.
752 3928 850 3983 Verum
869 3931 993 3984 necdum
1011 3931 1153 3985 incentum
1171 3936 1209 3985 est

332 4013 374 4063 60.
399 4007 472 4064 Inibi
490 4008 564 4064 intus
583 4007 702 4063 Botbo'us
810 4009 932 4066 Ueterum
956 4011 1005 4066 boc
1027 4011 1210 4080 sruprusotum
1229 4018 1296 4080 post
1315 4013 1395 4072 Rus.

207 4160 211 4168 Ι
242 4105 266 4141 u.
282 4090 337 4141 779
364 4087 461 4143 inserit
478 4088 615 4158 Berplius
638 4088 728 4142 ‘Aust
748 4089 794 4142 D’
820 4108 850 4159 p.
867 4095 932 4159 160,
950 4092 1033 4144 orale:
1052 4093 1087 4165 cs.
1108 4090 1236 4147 aduenit
1252 4094 1321 4149 ado.

243 4167 286 4222 De
305 4167 435 4222 donicum
455 4169 490 4234 es.
510 4167 677 4223 Ritsebelius
697 4168 747 4237 (lp.
767 4171 786 4221 Ι
790 4171 809 4221 Ι
824 4188 852 4238 p,
866 4175 918 4225 241

331 4273 374 4321 61.
405 4265 443 4333 Os.
464 4265 644 4320 Buechelerus
664 4267 740 4322 Mes.
759 4268 846 4322 libers.
866 4271 917 4324 ool.
940 4269 1107 4322 XXXVII
1128 4273 1164 4336 (a.
1185 4273 1274 4341 1882)
1290 4290 1320 4343 p.
1337 4278 1395 4331 517

315 4354 357 4403 88.
378 4353 420 4401 33.
449 4346 531 4402 Recte
550 4349 586 4400 ad
604 4349 760 4417 sroporeotc
786 4351 891 4404 rettulit
915 4349 1056 4403 ll'inturus
1079 4368 1110 4418 p.
1127 4354 1176 4404 16:
1201 4351 1296 4407 miratus
1323 4363 1398 4413 reete

244 4427 379 4481 iudicavit
398 4427 509 4482 Kellios
527 4429 575 4497 qui
589 4434 703 4498 propter
721 4430 835 4484 sinrilera
853 4448 878 4484 v.
898 4431 972 4486 Mers.
988 4433 1043 4485 448
1062 4436 1112 4486 aut
1130 4446 1163 4485 ero
1181 4432 1274 4485 eudon
1291 4450 1398 4494 scaena
