2956 5678
165 317 230 382 194
603 310 866 370 arlanconem

164 504 229 547 non
262 481 476 565 improbabile
510 480 591 545 duco
624 479 804 545 Noniana
835 478 993 564 quaedam
1026 483 1059 543 91
1089 476 1313 544 Donatiana

165 591 204 653 iis
228 588 346 652 deberi.

255 694 487 778 Porphyrio,
506 695 562 777 qui
582 716 618 757 ex
638 693 898 757 Varronianis
917 693 1036 757 tabulis
1056 691 1203 758 undecim
1223 693 1312 757 locos
1335 686 1340 697 ’

166 802 292 882 attulit,
320 823 418 865 unum
442 799 517 885 (inc.
542 801 605 865 fab.
625 800 781 887 XLVIII)
806 822 843 863 er
868 799 983 864 ceteris
1006 799 1126 863 fabulis
1149 799 1310 883 fragmen·

166 911 236 971 tum
260 908 414 972 servavit:
439 908 523 989 quod
542 908 625 971 unde
649 907 778 970 fluxerit
793 889 832 951 ἶ-
850 907 959 991 agitur
983 906 1021 970 de
1045 906 1253 990 proverbio
1270 940 1309 951 —

166 1019 198 1077 et
217 1036 274 1098 per
293 1036 372 1097 quos
392 1015 480 1078 rivos
500 1015 625 1077 venerit
643 1015 792 1077 nescitur.
829 1011 1001 1077 Sinnium
1025 1011 1251 1096 Capitonem
1264 1012 1312 1099 ,dc

164 1121 345 1204 proverbiis
368 1121 460 1184 docte
480 1121 662 1206 disputasse
681 1126 758 1183 nota
782 1142 841 1184 res.
879 1118 945 1183 Nec
966 1117 1070 1205 magis
1090 1119 1128 1183 de
1147 1120 1312 1184 Pseuda-

165 1227 293 1291 cronis
317 1228 387 1291 loco
412 1225 487 1314 (ipe.
511 1227 575 1292 fab.
601 1224 722 1312 XLIX)
747 1227 921 1311 quidquam
944 1230 1082 1290 constat.

255 1333 420 1398 Marcum
453 1335 646 1435 Aqrelium
676 1335 806 1398 unicum
835 1332 992 1398 Colacis
1023 1331 1245 1417 fragmentum
1273 1355 1311 1398 ex

165 1440 340 1523 exemplari
364 1441 511 1505 hausisse
535 1441 748 1524 improbabile
780 1446 841 1505 est:
870 1461 1065 1525 quamquam
1090 1442 1124 1503 et
1147 1441 1254 1523 ipsum
1278 1444 1312 1504 91

167 1546 398 1611 Frontonem
423 1547 555 1612 fabulas·
575 1547 838 1611 Varronianas
867 1547 985 1630 legisse
1010 1568 1048 1609 ex
1072 1545 1310 1610 imitationibus

166 1675 322 1737 apparere
341 1654 468 1718 videtur
487 1677 566 1739 quas
587 1656 750 1738 congessit
767 1651 932 1718 Osaouvs
952 1653 1082 1717 Pariana
1102 1647 1157 1738 (de
1176 1651 1220 1717 M.
1234 1650 1311 1719 Uor-

164 1760 250 1822 nelio
274 1757 438 1824 Frontone
465 1761 679 1826 imitationem
703 1760 801 1844 prisci
825 1759 984 1823 sermonis
1008 1759 1102 1824 latini
1126 1759 1312 1825 affectante.

165 1864 274 1929 Sedini
299 1867 385 1932 1886
408 1866 440 1930 ΙΙ
463 1890 493 1951 p.
513 1866 640 1952 3sqq.).

256 1973 303 2035 De
333 1974 517 2038 Suetonio
545 1974 775 2057 Tranquillo
805 1972 1000 2038 conferenda
1028 1976 1104 2037 sunt
1133 1994 1217 2057 quaa
1246 1974 1309 2054 Η

169 2079 303 2162 exposui
326 2085 359 2144 et
380 2083 421 2161 ἐξ
445 2082 465 2144 6
489 2085 522 2144 91
546 2084 563 2145 7
590 2103 758 2166 exponam.
818 2120 823 2130 ·

175 2209 180 2219 ·
256 2187 329 2266 55.
363 2184 497 2251 ‘Iulius
531 2186 738 2270 Romanus,
774 2188 825 2252 cni
862 2209 920 2252 sua
957 2187 1053 2252 debet
1088 2184 1311 2269 Charisius,

165 2294 267 2357 multa
291 2315 307 2357 9
332 2290 446 2378 Capri
473 2294 567 2358 libris
592 2295 763 2359 derivavit:
792 2318 830 2358 ex
859 2295 974 2378 quibus
1002 2295 1134 2359 fluxisse
1162 2315 1244 2379 quae
1272 2294 1311 2358 de
1358 2304 1365 2317 '

166 2399 376 2483 ‘commodo',
400 2400 590 2484 ‘donicum',
613 2399 822 2466 ‘butubatta'
846 2399 1052 2486 proferuntur
1074 2423 1105 2485 p.
1124 2400 1311 2482 193,15=

166 2507 272 2591 iuss,
284 2508 622 2593 p.197,18,p.242‚10
642 2506 982 2572 coniecithnrnavs
993 2530 1023 2590 p.
1033 2509 1085 2572 10:
1106 2508 1192 2592 quod
1211 2508 1260 2572 ita
1278 2530 1312 2572 se

164 2612 283 2678 habere
299 2618 415 2697 potest.
439 2614 636 2701 Fragmenta
652 2615 765 2680 Caeci
785 2615 846 2678 vel
866 2613 1121 2699 praedonum,
1141 2637 1223 2699 quae
1239 2614 1312 2679 ao·

165 2743 297 2784 manus
314 2724 454 2786 servavit
468 2723 586 2807 omnia,
600 2723 683 2786 unde
699 2723 829 2804 potierit
843 2721 905 2785 dici
920 2721 1041 2805 nequit.
1076 2721 1198 2798 Quodsi
1215 2720 1313 2787 Win-

54 2899 59 2908 ,
164 2844 276 2892 'ranvs
300 2850 338 2891 ex
362 2829 488 2893 collatis
507 2808 559 2892 his
579 2829 686 2892 verbis
707 2828 806 2892 Plnre
823 2832 880 2891 nat
896 2829 1015 2892 minora
1037 2833 1172 2911 emptum
1189 2830 1315 2911 antiqui

163 2934 309 2997 dicebant.
343 2934 445 2999 Ulcera
469 2934 572 3017 ‘pluro
594 2933 693 2999 aoisit'
717 2941 745 2999 et
762 2935 903 2999 Lucilius
922 2934 1026 3016 ‘plara
1041 2936 1131 3015 foras
1148 2935 1315 3001 scendunt’.

163 3042 215 3103 sed
232 3043 411 3105 conaretudo
424 3043 528 3123 pluris
542 3047 569 3105 et
587 3043 717 3106 minoris
731 3042 806 3105 dicit
825 3038 965 3126 (Charis.
977 3041 1150 3124 p.109,10)
1163 3071 1205 3095 ==
1215 3042 1316 3109 Pare

165 3146 302 3211 Plautus
320 3149 354 3211 ia
369 3147 462 3214 Cocco
480 3150 529 3213 nel
544 3149 755 3213 Praedonibaa
773 3147 877 3229 ‘plcre
895 3149 990 3212 altero
1009 3153 1093 3212 tanto
1112 3155 1229 3231 quanto
1248 3151 1317 3215 9199

161 3255 279 3331 fundus
301 3261 346 3320 est
367 3255 485 3321 aelim&
523 3256 626 3321 Cicero
649 3277 765 3339 qaoque
788 3254 891 3337 ‘pluro
914 3254 1025 3339 uertit'‚
1042 3256 1185 3320 Lacilim
1206 3254 1317 3339 ‘pluro

163 3360 252 3441 foros
265 3364 404 3427 uadunt
420 3365 501 3444 qnod
512 3384 572 3446 pro
591 3365 709 3428 minore
727 3361 876 3445 casptscn’
896 3364 1021 3443 natique
1034 3358 1175 3450 (Charis.
1190 3385 1221 3447 p.
1238 3364 1317 3442 211,

164 3466 222 3554 27)
246 3475 279 3533 et
303 3470 463 3534 similibus
487 3470 568 3535 locis
593 3492 748 3555 apparere
772 3474 867 3554 putat
896 3468 1008 3534 Caeci
1036 3490 1147 3534 versus
1175 3490 1245 3535 non
1273 3470 1316 3535 ad

118 3636 126 3649 ,
163 3598 364 3639 communem
386 3578 518 3658 fontem,
538 3579 568 3640 h.
579 3600 604 3640 e.
624 3576 799 3660 Capram,
823 3576 936 3660 redire,
960 3576 1022 3640 hoc
1045 3576 1127 3640 mihi
1150 3598 1219 3641 non
1243 3582 1317 3643 tam

163 3689 282 3746 certum
304 3684 438 3747 videtur.
473 3682 533 3746 Sed
559 3684 688 3747 etiarnsi
707 3705 774 3746 rem
798 3684 845 3746 ita
870 3705 903 3745 99
928 3682 1047 3747 habere
1067 3688 1189 3748 certum
1216 3690 1316 3770 esset,

162 3811 201 3851 ne
222 3795 289 3853 turn
316 3790 444 3873 quidem
465 3792 650 3855 coniectura
671 3790 850 3874 probabilis
870 3790 1039 3871 videretur,
1059 3812 1123 3874 qua
1142 3789 1318 3856 1111901111-

164 3913 246 3958 mvn
263 3909 391 3962 secutus
402 3898 547 3982 (Parerg.
559 3898 674 3980 plot)
688 3898 744 3961 1119
760 3902 869 3961 9911991
884 3896 990 3980 ipsum
1005 3896 1134 3960 fabulae
1146 3899 1319 3983 exemplar

165 4003 371 4065 ltornanum
396 4005 566 4068 evolvisse:
595 4004 697 4067 multa
722 4005 806 4067 onim
831 4008 960 4087 praesto
982 4007 1074 4067 arant
1098 4003 1318 4090 glossaria,

164 4108 201 4171 de
221 4109 336 4192 quibus
357 4118 465 4175 monet
484 4110 689 4175 Faosnorvs
710 4111 763 4195 (de
784 4109 818 4175 0.
834 4110 917 4174 lulio
936 4110 1084 4175 Romano
1104 4133 1134 4193 p.
1145 4107 1239 4200 651),
1259 4135 1317 4178 ex-

162 4217 297 4280 stabant
322 4218 446 4281 lexiaa
473 4220 561 4282 velut
591 4218 775 4281 Caesellii
801 4216 979 4282 VIndicis
1009 4223 1042 4282 91
1069 4218 1159 4282 varia
1190 4239 1318 4303 genera

162 4323 506 4405 collectaneorum,
536 4347 617 4408 (prae
650 4326 700 4388 vel
734 4326 803 4408 ipse
837 4326 885 4388 vel
919 4325 947 4389 is
977 4348 1072 4410 quem
1101 4328 1233 4390 secutus
1263 4331 1318 4392 cst

162 4428 314 4495 adhibere
338 4433 453 4517 potuit.
