2956 5678
185 285 254 350 152·
689 283 824 341 Puaval

740 443 779 498 IV

187 556 347 623 Prodricte
370 555 546 642 prodigum
568 556 640 620 e'sse
662 557 842 619 amatorem
864 551 1006 619 addecet.

746 709 772 764 V

509 809 630 880 Vinum
655 811 963 878 sublestissumum„

651 1007 652 1011 ,
741 967 780 1022 Vl

161 1036 347 1141 ‘liminum
370 1071 465 1140 ualde
488 1071 624 1155 uterque
648 1068 778 1134 deamat
794 1104 812 1138 r
829 1111 849 1138 υ
865 1128 884 1139 .

736 1244 787 1299 VII

198 1360 346 1426 soractae
369 1356 581 1443 scrupipedae
605 1353 804 1426 slrittiuillae
828 1355 983 1422 sordidae.

246 1468 403 1477 --—-—

193 1536 250 1574 non
269 1482 384 1585 habent,
403 1517 452 1571 aed
471 1517 507 1571 ab
527 1531 560 1570 eo
579 1512 698 1569 ueniunt
716 1514 792 1582 qnod
811 1516 854 1584 esi
873 1513 903 1567 in
922 1513 1029 1569 Graeco
1049 1502 1144 1577 ciulac
1163 1515 1174 1570 i

74 1613 79 1622 ·
191 1606 234 1655 96.
254 1597 383 1654 ocissime
402 1597 487 1652 codex
568 1593 627 1649 fieri
645 1595 702 1648 ium
726 1593 844 1649 Vrsinus
862 1594 900 1663 (⁴²)
990 1593 1028 1648 IV
1050 1594 1174 1665 Festus]

155 1690 158 1695 ’
193 1677 368 1748 Prodegsris,
387 1676 601 1746 consumpseris,
621 1672 790 1744 perdideris,
809 1677 841 1727 ut
854 1672 1006 1730 Caecilius.
1018 1717 1024 1730 .
1036 1679 1079 1731 .et
1092 1675 1174 1731 Plaut

192 1759 312 1815 uolaria:
344 1757 553 1812 ‘Producte.
574 1798 581 1811 .
601 1754 783 1811 ‚addecsl'
814 1755 898 1824 (unde
920 1753 1071 1825 Prodigers
1100 1759 1144 1811 est
1172 1783 1174 1802 ι

195 1840 268 1894 undo
288 1841 317 1893 et
335 1837 470 1908 prodigus
488 1837 521 1890 fit
538 1835 658 1903 Paulus)
729 1840 771 1889 97.
792 1835 927 1904 producte
945 1835 1097 1905 prodigum
1114 1835 1174 1903 ⁸Vra

193 1920 346 1991 Seyffertus
364 1918 443 1974 Stud.
463 1918 507 1972 Pl.
523 1933 553 1986 p.
568 1919 614 1972 23.
652 1913 807 1983 productas
825 1913 988 1984 prodigium
1006 1916 1091 1970 codes

193 2004 285 2054 torem
303 1999 430 2055 Botliias.
468 2012 529 2051 esse
548 1997 759 2051 m.-amatorem
778 1996 862 2050 codex
881 1993 918 2063 (⁴²)
1006 1993 1032 2048 V
1052 1993 1174 2066 Fratue

196 2078 340 2151 [Sublesta
358 2077 480 2149 antiqui]
501 2076 633 2131 dicebant
650 2075 775 2147 infir[ma
794 2075 823 2129 et
840 2074 958 2146 tenuia]¹
994 2073 1111 2130 Plautus
1136 2075 1167 2130 in

194 2160 268 2214 idem
288 2158 373 2228 (idest
392 2159 461 2227 cod.)
485 2156 515 2211 in
534 2155 701 2212 Neruolaria
728 2155 844 2209 uinum
872 2153 914 2208 ait
942 2153 1174 2211 sublestissim

195 2238 320 2294 infirmos
339 2237 429 2293 faciat
446 2237 494 2292 uel
512 2240 628 2307 corpore
640 2227 692 2290 'nel
712 2235 806 2289 animo
825 2236 907 2303 (idern
925 2235 1034 2290 Pardus
1051 2237 1150 2293 omisso
1168 2256 1174 2304 ι

195 2320 278 2389 nilne)
351 2323 394 2373 98.
413 2317 451 2387 (²³)
521 2315 561 2369 VI
579 2316 881 2386 Noniusp.127,27:
905 2314 1037 2369 Insanum
1055 2333 1106 2386 pro
1125 2316 1174 2372 ins

197 2416 278 2454 mane
309 2415 361 2469 pro
394 2397 552 2453 inmaniter.
589 2395 706 2450 Plautus
725 2393 893 2450 Neruolaria
910 2396 969 2464 (sebi
987 2395 1104 2452 Plautus
1122 2415 1174 2453 uer

199 2478 367 2535 Neruolaria
385 2478 525 2547 Lipsias):
545 2474 926 2532 ‘Insannm.·..deamat'
996 2480 1040 2531 99.
1059 2476 1096 2544 (*)
1169 2476 1174 2487 “

198 2560 237 2614 Ν.
251 2560 287 2613 Α.
302 2558 364 2612 III
381 2562 408 2627 3,
422 2563 455 2613 6.·
486 2556 641 2611 i'anorinus
667 2573 779 2626 qnoque
804 2558 914 2622 noster,
940 2572 1003 2610 curn
1030 2555 1174 2627 uernulas:

199 2638 337 2706 legerem,
355 2653 427 2705 quae
446 2635 520 2689 inter
539 2635 661 2690 incertas
687 2634 786 2690 habita
811 2636 868 2703 est,
889 2637 918 2689 el
936 2636 1063 2690 audisset
1085 2652 1119 2690 ex
1145 2653 1174 2691 ea

181 2710 313 2772 'uersum
336 2717 422 2773 hunc:
452 2714 628 2770 ‘Scrattae
642 2758 668 2770 ..
683 2757 690 2770 .
705 2713 895 2783 sordidae',
913 2714 1069 2769 delectatus
1089 2716 1174 2771 facete

202 2795 389 2865 antiquitate,
415 2795 594 2850 meretricum
613 2793 686 2849 uitia
704 2797 789 2863 atque
808 2794 1003 2850 deformitates
1029 2796 1174 2864 significan

200 2894 272 2931 nnus
291 2877 412 2944 berele’‚
431 2875 532 2944 inquit,
553 2876 610 2931 ‘bie
625 2891 722 2930 uersus
741 2874 834 2930 Plauti
853 2891 915 2930 esse
933 2875 1006 2929 hanc
1025 2874 1152 2929 fabulam
1170 2895 1174 2930 r

201 2955 268 3010 fidei
286 2955 399 3010 fecisse’
482 2956 593 3011 Nonius
608 2973 638 3026 p.
653 2959 718 3023 169,
732 2961 764 3010 9:
783 2955 924 3024 Serapias,
944 2955 1135 3025 scrupipedas‚
1155 2964 1174 3010 st

201 3037 244 3091 ito
256 3034 287 3090 0.
298 3040 322 3090 ct
333 3035 366 3088 L.
375 3034 536 3090 Muellerus.
556 3033 706 3103 serupedas
722 3033 904 3115 strietiuellas
915 3037 1003 3102 codd.)
1023 3035 1174 3104 exprobrat

204 3112 394 3169 deformitatis
413 3115 600 3169 meretricum.
625 3112 744 3168 Plautus
763 3115 910 3170 Aulularia
928 3117 987 3183 (ubi
1005 3114 1175 3170 Neruolaria

203 3193 612 3250 ‘Scrattae...sordidae'
679 3193 766 3249 Varro
785 3196 817 3249 de
835 3196 882 3251 Η.
897 3195 960 3250 VII
972 3200 1022 3250 65.ι
1040 3194 1147 3251 ibidem
1167 3203 1174 3263 t

202 3272 885 3341 inducamim)‘Scraties...tautulae’.
904 3276 1174 3331 abcxscreandoser

92 3397 96 3405 .
207 3354 355 3423 significat.
374 3352 570 3422 scrupipadam
583 3353 713 3408 Aurelius
728 3352 828 3407 scribit
842 3370 859 3407 a
878 3353 1051 3424 acanripeda,
1066 3354 1174 3410 quenti

205 3433 319 3490 dicebat
336 3451 354 3488 a
367 3431 521 3488 normiculo
536 3432 627 3503 piloso
646 3434 694 3502 qni
714 3433 786 3487 solet
805 3451 865 3489 esse
880 3435 911 3488 in
923 3435 1021 3492 fronde
1036 3452 1100 3489 cum
1115 3436 1173 3490 mul

206 3515 335 3569 Valerius
351 3530 369 3568 a
386 3513 458 3583 pede
477 3529 510 3567 ac
529 3529 653 3582 scrupea.
682 3530 716 3567 ex
735 3528 768 3567 eo
783 3514 850 3567 Aeci
865 3514 989 3584 positum
1003 3515 1127 3572 curiosa.
1140 3559 1146 3571 .
1158 3535 1174 3572 ,ι

205 3612 223 3648 a
244 3592 448 3659 strettillando;
469 3593 594 3647 stritlare
612 3591 648 3646 ab
664 3608 696 3671 eo
712 3593 759 3660 qui
779 3587 863 3647 sistit
873 3610 957 3663 aegre
1017 3600 1077 3649 100.
1098 3599 1174 3651 serat

205 3673 290 3728 Gellii
310 3672 380 3727 PR.
408 3675 516 3727 escrate
535 3673 577 3726 uel
595 3674 721 3740 eserapte
740 3674 817 3727 codd.
837 3674 934 3729 Nonii.
960 3675 1075 3729 scraties
1096 3676 1174 3731 Verri

204 3753 240 3820 cs.
253 3754 371 3822 clessam
386 3752 452 3807 libri
465 3753 618 3822 plossorum
632 3768 650 3804 a
664 3751 773 3806 Loewic
789 3754 889 3808 Prodr.
900 3759 995 3822 p.281
1010 3772 1174 3811 commemor«

204 3833 237 3886 L.
264 3833 289 3887 V
309 3829 655 3903 peramplioribus,
683 3832 833 3900 despectae
862 3833 1046 3903 enngatoriae
1071 3842 1097 3890 et
1115 3853 1174 3906 pro

207 3912 289 3967 Festo
303 3928 334 3981 p.
349 3915 403 3966 333
422 3914 533 3966 ductum
552 3912 696 3981 (Scraptae
721 3912 887 3967 dicebantur
911 3915 1077 3982 nugatoriae
1101 3932 1135 3972 ac
1157 3916 1175 3970 d

208 3990 338 4045 mulieres
357 3992 389 4044 ut
407 3990 449 4045 ait
466 4009 554 4058 unus,
573 3992 622 4046 abi
642 3991 753 4044 Verrius
773 3991 934 4059 Muellerus)
1006 3995 1174 4065 scrupipeda

205 4087 279 4148 persas
301 4070 340 4125 ad
364 4070 444 4125 Vorr.
474 4070 653 4139 scruppidam
677 4070 811 4128 Varronis
834 4076 891 4129 cod.
912 4074 943 4128 F
966 4077 1061 4141 infru:
1087 4093 1174 4149 ruppe

207 4150 329 4221 erupede
348 4150 425 4204 codd.
443 4151 541 4205 Nonii.
579 4153 713 4220 serupede
740 4155 845 4208 codices
868 4155 988 4209 meliores
1008 4153 1093 4209 Gellii

206 4233 290 4287 Gellii
312 4232 416 4286 codices
444 4232 574 4287 meliores.
612 4232 760 4287 striclibile
788 4234 864 4287 codd.
893 4234 989 4288 Nonii.
1033 4232 1174 4290 rittabilla

206 4312 264 4364 cod.
285 4312 321 4365 F.
358 4311 537 4366 strittabillas
556 4312 626 4366 idem
645 4314 723 4378 infra
795 4313 923 4368 sordidae
941 4314 982 4368 cel
1001 4312 1113 4369 sordide
1140 4315 1174 4370 lid

207 4389 304 4444 Nonii.
333 4391 459 4446 tantulae
483 4391 618 4448 Varronis
636 4393 693 4447 cod.
714 4393 743 4445 p*
761 4393 797 4463 (⁸)
